{"gold_per_floor":[116,266,283,208,283,283,315,334,334,346,94,113,141,141,141,214,214,226,238,251,53,53,79,79,112,159,192,162,182,197,51,51,126,126,137,187,187,197,212,538,538,566,639,666,679,694,99,115,115,115],"floor_reached":51,"playtime":2551,"items_purged":["Doubt","Strike_R","Strike_R","Strike_R"],"score":1519,"play_id":"d72aae2d-5ed0-4eee-9566-4e1ab2181395","local_time":"20210520213523","is_ascension_mode":true,"campfire_choices":[{"data":"Bash","floor":6.0,"key":"SMITH"},{"data":"Metallicize","floor":15.0,"key":"SMITH"},{"data":"Inflame","floor":24.0,"key":"SMITH"},{"data":"Limit Break","floor":32.0,"key":"SMITH"},{"data":"Impervious","floor":41,"key":"SMITH"},{"data":"Heavy Blade","floor":49,"key":"SMITH"}],"neow_cost":"NONE","seed_source_timestamp":77114604695200,"circlet_count":0,"master_deck":["AscendersBane","Strike_R","Strike_R","Defend_R","Defend_R","Defend_R","Defend_R","Bash+1","Clothesline","Metallicize+1","Rampage","Shrug It Off","Headbutt","Feed","Twin Strike","Battle Trance","Impervious+1","Spot Weakness","Limit Break+1","Inflame+1","Sword Boomerang+1","Burning Pact","Shrug It Off+1","Limit Break","Shrug It Off+1","Whirlwind+1","Twin Strike+1","Heavy Blade+1","Shrug It Off+1","Discovery","Shrug It Off"],"special_seed":0,"relics":["Burning Blood","Pantograph","Orichalcum","Centennial Puzzle","TungstenRod","Coffee Dripper","Strawberry","CaptainsWheel","Toy Ornithopter","InkBottle","Vajra","Black Star","Thread and Needle","Old Coin","Dream Catcher","Lantern","Art of War","StrikeDummy","Sundial","Omamori","DollysMirror","Boot"],"potions_floor_usage":[40,42,44,50,50],"damage_taken":[{"damage":0.0,"enemies":"2 Louse","floor":1.0,"turns":3.0},{"damage":17.0,"enemies":"Jaw Worm","floor":3.0,"turns":5.0},{"damage":39.0,"enemies":"Lagavulin","floor":7.0,"turns":7.0},{"damage":0.0,"enemies":"Small Slimes","floor":8.0,"turns":3.0},{"damage":6.0,"enemies":"Gremlin Gang","floor":10.0,"turns":7.0},{"damage":21.0,"enemies":"Exordium Thugs","floor":12.0,"turns":5.0},{"damage":12.0,"enemies":"3 Sentries","floor":13.0,"turns":8.0},{"damage":11.0,"enemies":"Hexaghost","floor":16.0,"turns":9.0},{"damage":10.0,"enemies":"2 Thieves","floor":18.0,"turns":4.0},{"damage":6.0,"enemies":"3 Byrds","floor":19.0,"turns":6.0},{"damage":1.0,"enemies":"Cultist and Chosen","floor":20.0,"turns":6.0},{"damage":33.0,"enemies":"Slavers","floor":23.0,"turns":8.0},{"damage":29.0,"enemies":"Book of Stabbing","floor":25.0,"turns":6.0},{"damage":0.0,"enemies":"Gremlin Leader","floor":27.0,"turns":6.0},{"damage":1.0,"enemies":"Centurion and Healer","floor":29.0,"turns":5.0},{"damage":0.0,"enemies":"Sentry and Sphere","floor":30.0,"turns":5.0},{"damage":66.0,"enemies":"Automaton","floor":33.0,"turns":10.0},{"damage":5,"enemies":"Orb Walker","floor":35,"turns":3},{"damage":33,"enemies":"2 Orb Walkers","floor":36,"turns":3},{"damage":0,"enemies":"3 Shapes","floor":38,"turns":8},{"damage":0,"enemies":"Sphere and 2 Shapes","floor":39,"turns":9},{"damage":67,"enemies":"Giant Head","floor":40,"turns":9},{"damage":19,"enemies":"Nemesis","floor":42,"turns":9},{"damage":13,"enemies":"Reptomancer","floor":44,"turns":3},{"damage":0,"enemies":"Jaw Worm Horde","floor":45,"turns":3},{"damage":0,"enemies":"4 Shapes","floor":46,"turns":8},{"damage":0,"enemies":"Transient","floor":48,"turns":5},{"damage":33,"enemies":"Time Eater","floor":50,"turns":6}],"seed_played":"-8371551697074258365","potions_obtained":[{"floor":3.0,"key":"Swift Potion"},{"floor":7.0,"key":"Strength Potion"},{"floor":12.0,"key":"SkillPotion"},{"floor":18.0,"key":"Ancient Potion"},{"floor":27.0,"key":"Explosive Potion"},{"floor":28.0,"key":"Dexterity Potion"},{"floor":28.0,"key":"Weak Potion"},{"floor":35,"key":"SpeedPotion"},{"floor":40,"key":"Regen Potion"},{"floor":42,"key":"Explosive Potion"},{"floor":45,"key":"EssenceOfSteel"}],"is_trial":false,"path_per_floor":["M","?","M","$","?","R","E","M","T","M","$","M","E","?","R","B",null,"M","M","M","$","?","E","R","E","T","E","?","M","M","$","R","B",null,"M","?","?","M","M","E","R","E","T","E","M","M","$","M","R","B",null],"character_chosen":"IRONCLAD","items_purchased":["Centennial Puzzle","Limit Break","Vajra","DollysMirror","Discovery","Boot","Shrug It Off"],"campfire_rested":0,"item_purchase_floors":[11,21,31,47,47,47,47],"current_hp_per_floor":[81,81,70,70,59,59,26,32,32,32,32,17,14,14,14,37,75,74,77,85,85,85,68,68,45,45,51,51,59,68,68,68,41,97,101,74,74,83,92,36,36,43,43,41,47,56,56,62,62,70],"gold":115,"neow_bonus":"TEN_PERCENT_HP_BONUS","is_prod":false,"is_daily":false,"chose_seed":false,"campfire_upgraded":6,"win_rate":0,"timestamp":1621571723,"path_taken":["M","?","M","$","?","R","E","M","T","M","$","?","E","?","R","BOSS","M","M","?","$","?","E","R","E","T","E","?","M","?","$","R","BOSS","M","?","?","M","?","E","R","E","T","E","M","M","$","M","R","BOSS"],"build_version":"2020-12-22","purchased_purges":4,"victory":true,"max_hp_per_floor":[82,82,82,82,82,82,82,82,82,82,82,82,85,85,85,88,88,91,94,97,97,97,107,107,107,107,107,107,110,113,113,113,116,116,119,119,119,122,125,125,125,125,125,125,125,128,128,128,128,128],"card_choices":[{"not_picked":["Warcry","Anger"],"picked":"Clothesline","floor":1.0},{"not_picked":["Clothesline","Dropkick"],"picked":"Metallicize","floor":3.0},{"not_picked":["Pummel","Headbutt"],"picked":"Rampage","floor":7.0},{"not_picked":["Wild Strike","Feel No Pain"],"picked":"Shrug It Off","floor":8.0},{"not_picked":["True Grit","Second Wind"],"picked":"Headbutt","floor":10.0},{"not_picked":["Iron Wave","Warcry"],"picked":"Feed","floor":12.0},{"not_picked":["Havoc","Second Wind"],"picked":"Twin Strike","floor":13.0},{"not_picked":["Demon Form","Limit Break"],"picked":"Impervious","floor":16.0},{"not_picked":["Clash","True Grit"],"picked":"Spot Weakness","floor":18.0},{"not_picked":["Searing Blow","Clash","Twin Strike"],"picked":"SKIP","floor":19.0},{"not_picked":["Flex+1","Bloodletting","Pommel Strike"],"picked":"SKIP","floor":20.0},{"not_picked":["True Grit","Fire Breathing"],"picked":"Inflame","floor":23.0},{"not_picked":["Bludgeon","Dropkick"],"picked":"Sword Boomerang+1","floor":25.0},{"not_picked":["Clash","Dropkick"],"picked":"Burning Pact","floor":27.0},{"not_picked":["Armaments","Anger"],"picked":"Shrug It Off+1","floor":29.0},{"not_picked":["Intimidate","Armaments","Thunderclap"],"picked":"SKIP","floor":30.0},{"not_picked":["Demon Form","Barricade"],"picked":"Limit Break","floor":33.0},{"not_picked":["Power Through","Clothesline"],"picked":"Shrug It Off+1","floor":35},{"not_picked":["Armaments","Dropkick"],"picked":"Whirlwind","floor":36},{"not_picked":["Perfected Strike","Anger","Iron Wave"],"picked":"SKIP","floor":38},{"not_picked":["Reckless Charge","Rupture","Hemokinesis+1"],"picked":"SKIP","floor":39},{"not_picked":["Headbutt","Whirlwind"],"picked":"Twin Strike+1","floor":40},{"not_picked":["Entrench","Clothesline","Perfected Strike"],"picked":"SKIP","floor":42},{"not_picked":["Flex+1","Dark Embrace","Bludgeon"],"picked":"SKIP","floor":44},{"not_picked":["Searing Blow","Bloodletting"],"picked":"Heavy Blade","floor":45},{"not_picked":["Headbutt+1","Twin Strike","Heavy Blade"],"picked":"SKIP","floor":46},{"not_picked":["Dark Embrace","Wild Strike","Twin Strike"],"picked":"SKIP","floor":48}],"player_experience":4803997,"relics_obtained":[{"floor":7.0,"key":"Pantograph"},{"floor":9.0,"key":"Orichalcum"},{"floor":13.0,"key":"TungstenRod"},{"floor":23.0,"key":"Strawberry"},{"floor":25.0,"key":"CaptainsWheel"},{"floor":26.0,"key":"Toy Ornithopter"},{"floor":27.0,"key":"InkBottle"},{"floor":36,"key":"Thread and Needle"},{"floor":40,"key":"Old Coin"},{"floor":40,"key":"Dream Catcher"},{"floor":42,"key":"Lantern"},{"floor":42,"key":"Art of War"},{"floor":43,"key":"StrikeDummy"},{"floor":44,"key":"Sundial"},{"floor":44,"key":"Omamori"}],"event_choices":[{"damage_healed":0.0,"max_hp_gain":0.0,"max_hp_loss":0.0,"gold_gain":150.0,"event_name":"Liars Game","player_choice":"AGREE","floor":2.0,"gold_loss":0.0,"damage_taken":0.0,"cards_obtained":["Doubt"]},{"damage_healed":0.0,"max_hp_gain":0.0,"max_hp_loss":0.0,"gold_gain":75.0,"event_name":"World of Goop","player_choice":"Gather Gold","floor":5.0,"gold_loss":0.0,"damage_taken":11.0},{"damage_healed":0.0,"max_hp_gain":0.0,"max_hp_loss":0.0,"gold_gain":0.0,"event_name":"Match and Keep!","player_choice":"1 cards matched","floor":14.0,"gold_loss":0.0,"damage_taken":0.0,"cards_obtained":["Battle Trance"]},{"damage_healed":0.0,"max_hp_gain":0.0,"max_hp_loss":0.0,"gold_gain":0.0,"event_name":"The Mausoleum","player_choice":"Ignored","floor":22.0,"gold_loss":0.0,"damage_taken":0.0},{"damage_healed":0.0,"max_hp_gain":0.0,"max_hp_loss":0.0,"gold_gain":0.0,"event_name":"The Woman in Blue","player_choice":"Bought 2 Potions","floor":28.0,"gold_loss":0.0,"damage_taken":0.0},{"damage_healed":0,"gold_gain":0,"player_choice":"Fight","damage_taken":0,"max_hp_gain":0,"max_hp_loss":0,"event_name":"Mysterious Sphere","floor":36,"gold_loss":0},{"damage_healed":0,"gold_gain":0,"player_choice":"Forge","damage_taken":0,"max_hp_gain":0,"max_hp_loss":0,"event_name":"Accursed Blacksmith","floor":37,"gold_loss":0,"cards_upgraded":["Whirlwind"]}],"is_beta":false,"boss_relics":[{"not_picked":["Astrolabe","Busted Crown"],"picked":"Coffee Dripper"},{"not_picked":["Mark of Pain","Calling Bell"],"picked":"Black Star"}],"items_purged_floors":[4,11,21,47],"is_endless":false,"potions_floor_spawned":[3,7,10,12,18,27,29,30,35,40,42,45],"ascension_level":15}