{"gold_per_floor":[111,111,129,147,147,172,172,209,233,233,233],"floor_reached":11,"playtime":235,"items_purged":[],"score":142,"play_id":"9c671c71-30fe-4b72-8228-ed11e8090183","local_time":"20210108191706","is_ascension_mode":true,"campfire_choices":[{"floor":7.0,"key":"REST"}],"neow_cost":"NONE","seed_source_timestamp":782221063782100,"circlet_count":0,"master_deck":["AscendersBane","Strike_P","Strike_P+1","Strike_P","Strike_P","Defend_P","Defend_P","Defend_P","Defend_P","Eruption+1","Vigilance+1","BowlingBash","Halt","FollowUp","LessonLearned","WaveOfTheHand"],"special_seed":0,"relics":["Sozu","Omamori","CeramicFish","Juzu Bracelet","WarpedTongs"],"potions_floor_usage":[],"damage_taken":[{"damage":0.0,"enemies":"2 Louse","floor":1.0,"turns":2.0},{"damage":0.0,"enemies":"Small Slimes","floor":3.0,"turns":2.0},{"damage":0.0,"enemies":"Cultist","floor":4.0,"turns":3.0},{"damage":31.0,"enemies":"Gremlin Nob","floor":6.0,"turns":4.0},{"damage":10.0,"enemies":"3 Sentries","floor":8.0,"turns":6.0},{"damage":45,"enemies":"Gremlin Nob","floor":11,"turns":3}],"seed_played":"2439649812670828625","potions_obtained":[],"is_trial":false,"path_per_floor":["M","?","M","M","?","E","R","E","T","?","E"],"character_chosen":"WATCHER","items_purchased":[],"campfire_rested":1,"item_purchase_floors":[],"current_hp_per_floor":[61,66,66,66,44,13,34,24,24,24,0],"gold":233,"neow_bonus":"BOSS_RELIC","is_prod":false,"is_daily":false,"chose_seed":false,"campfire_upgraded":0,"win_rate":0,"timestamp":1610162226,"path_taken":["M","?","M","M","?","E","R","E","T","?","E"],"build_version":"2020-12-22","purchased_purges":0,"victory":false,"max_hp_per_floor":[68,73,73,73,73,73,73,73,73,73,73],"card_choices":[{"not_picked":["ThirdEye","EmptyFist"],"picked":"BowlingBash","floor":1.0},{"not_picked":["EmptyBody","Worship"],"picked":"Halt","floor":3.0},{"not_picked":["EmptyMind","Prostrate"],"picked":"FollowUp","floor":4.0},{"not_picked":["FollowUp","Consecrate"],"picked":"LessonLearned","floor":6.0},{"not_picked":["SashWhip","PathToVictory"],"picked":"WaveOfTheHand","floor":8.0}],"player_experience":4678879,"relics_obtained":[{"floor":6.0,"key":"Omamori"},{"floor":8.0,"key":"CeramicFish"},{"floor":9.0,"key":"Juzu Bracelet"}],"event_choices":[{"damage_healed":0.0,"max_hp_gain":5.0,"max_hp_loss":0.0,"gold_gain":0.0,"event_name":"Big Fish","player_choice":"Donut","floor":2.0,"gold_loss":0.0,"damage_taken":0.0},{"damage_healed":0.0,"max_hp_gain":0.0,"max_hp_loss":0.0,"gold_gain":0.0,"event_name":"Shining Light","player_choice":"Entered Light","floor":5.0,"gold_loss":0.0,"damage_taken":22.0,"cards_upgraded":["Strike_P","Vigilance"]},{"damage_healed":0.0,"max_hp_gain":0.0,"max_hp_loss":0.0,"gold_gain":0.0,"event_name":"Accursed Blacksmith","player_choice":"Rummage","floor":10.0,"gold_loss":0.0,"damage_taken":0.0,"relics_obtained":["WarpedTongs"],"cards_obtained":["Pain"]}],"is_beta":false,"boss_relics":[],"items_purged_floors":[],"is_endless":false,"potions_floor_spawned":[6],"killed_by":"Gremlin Nob","ascension_level":15}