{"gold_per_floor":[113,124,141,152,169,169,184,200,200,200,233,249,291,67,67,150,150,164,164,164,164,173,173,210,18,50,50,59,91,110,127,127,207,207,235,269,286,186,203,246,269,269,269,269,296,73,0,31,31,31],"floor_reached":51,"playtime":1654,"items_purged":["Strike_P","Decay","Strike_P+1"],"score":1419,"play_id":"55a0a70b-d7e9-4e04-b5fe-d755415c30fa","local_time":"20210209213835","is_ascension_mode":true,"campfire_choices":[{"data":"CrushJoints","floor":6.0,"key":"SMITH"},{"floor":10.0,"key":"REST"},{"data":"Meditate","floor":15.0,"key":"SMITH"},{"data":"Blasphemy","floor":23.0,"key":"SMITH"},{"floor":27.0,"key":"REST"},{"floor":32.0,"key":"REST"},{"data":"1","floor":42.0,"key":"LIFT"},{"data":"2","floor":44.0,"key":"LIFT"},{"floor":49.0,"key":"REST"}],"neow_cost":"NONE","seed_source_timestamp":15102652089400,"circlet_count":0,"master_deck":["AscendersBane","Strike_P+1","Strike_P+1","Defend_P+1","Defend_P+1","Defend_P+1","Defend_P+1","Eruption","Vigilance","BowlingBash","CarveReality","EmptyBody","BattleHymn","CrushJoints+1","FearNoEvil","Halt","Meditate+1","Blasphemy+1","RitualDagger","Vengeance","Establishment","Scrawl","EmptyMind","Perseverance","Scrawl","CutThroughFate+1","LikeWater","Sanctity+1","TalkToTheHand+1","Evaluate+1"],"special_seed":0,"relics":["Cursed Key","Juzu Bracelet","CeramicFish","Lee\u0027s Waffle","Philosopher\u0027s Stone","CaptainsWheel","Pen Nib","Torii","SacredBark","Girya","Orichalcum","Red Mask","Damaru"],"potions_floor_usage":[50],"damage_taken":[{"damage":2.0,"enemies":"2 Louse","floor":1.0,"turns":3.0},{"damage":0.0,"enemies":"Small Slimes","floor":2.0,"turns":1.0},{"damage":2.0,"enemies":"Jaw Worm","floor":3.0,"turns":3.0},{"damage":16.0,"enemies":"Exordium Thugs","floor":4.0,"turns":2.0},{"damage":8.0,"enemies":"Large Slime","floor":5.0,"turns":5.0},{"damage":16.0,"enemies":"Exordium Wildlife","floor":7.0,"turns":3.0},{"damage":6.0,"enemies":"Looter","floor":8.0,"turns":2.0},{"damage":0.0,"enemies":"3 Sentries","floor":11.0,"turns":4.0},{"damage":1.0,"enemies":"2 Fungi Beasts","floor":12.0,"turns":2.0},{"damage":7.0,"enemies":"Lagavulin","floor":13.0,"turns":4.0},{"damage":19.0,"enemies":"Hexaghost","floor":16.0,"turns":6.0},{"damage":0.0,"enemies":"Spheric Guardian","floor":18.0,"turns":2.0},{"damage":22.0,"enemies":"Slavers","floor":24.0,"turns":4.0},{"damage":33.0,"enemies":"Gremlin Leader","floor":29.0,"turns":5.0},{"damage":6.0,"enemies":"Chosen","floor":30.0,"turns":2.0},{"damage":9.0,"enemies":"Shelled Parasite and Fungi","floor":31.0,"turns":3.0},{"damage":23.0,"enemies":"Champ","floor":33.0,"turns":7.0},{"damage":0.0,"enemies":"Orb Walker","floor":35.0,"turns":2.0},{"damage":0.0,"enemies":"Mind Bloom Boss Battle","floor":36.0,"turns":3.0},{"damage":0.0,"enemies":"3 Shapes","floor":37.0,"turns":3.0},{"damage":14.0,"enemies":"Writhing Mass","floor":39.0,"turns":4.0},{"damage":6.0,"enemies":"Giant Head","floor":40.0,"turns":4.0},{"damage":1.0,"enemies":"Transient","floor":41.0,"turns":5.0},{"damage":0.0,"enemies":"Maw","floor":45.0,"turns":4.0},{"damage":0.0,"enemies":"Reptomancer","floor":48.0,"turns":2.0},{"damage":45,"enemies":"Time Eater","floor":50,"turns":5}],"seed_played":"-5985652452833346770","potions_obtained":[{"floor":5.0,"key":"Block Potion"},{"floor":7.0,"key":"BlessingOfTheForge"},{"floor":12.0,"key":"Explosive Potion"},{"floor":31.0,"key":"BottledMiracle"},{"floor":35.0,"key":"FairyPotion"},{"floor":37.0,"key":"Explosive Potion"}],"is_trial":false,"path_per_floor":["M","M","M","M","M","R","M","M","T","R","E","M","E","$","R","B",null,"M","?","?","$","?","R","E","$","T","R","?","E","M","M","R","B",null,"M","?","M","$","M","E","M","R","T","R","M","$","?","E","R","B",null],"character_chosen":"WATCHER","items_purchased":["Lee\u0027s Waffle","Establishment","Scrawl","CultistPotion"],"campfire_rested":4,"item_purchase_floors":[14,25,25,46],"current_hp_per_floor":[59,59,57,41,33,33,17,11,11,31,31,30,23,75,75,56,70,70,70,70,70,64,64,42,42,42,64,64,31,25,16,38,15,60,60,60,60,60,46,40,39,39,39,39,39,39,39,39,61,16],"gold":31,"neow_bonus":"BOSS_RELIC","is_prod":false,"is_daily":false,"chose_seed":false,"campfire_upgraded":3,"win_rate":0,"timestamp":1612935515,"path_taken":["M","M","M","M","M","R","M","M","T","R","E","M","E","$","R","BOSS","M","?","?","$","?","R","E","?","T","R","?","E","M","M","R","BOSS","M","?","M","$","M","E","M","R","T","R","M","$","?","E","R","BOSS"],"build_version":"2020-12-22","purchased_purges":3,"victory":true,"max_hp_per_floor":[68,68,68,68,68,68,68,68,68,68,68,68,68,75,75,75,75,75,75,75,75,75,75,75,75,75,75,75,75,75,75,75,75,75,75,75,75,75,75,75,75,75,75,75,75,75,75,75,75,75],"card_choices":[{"not_picked":["ClearTheMind","FlyingSleeves"],"picked":"BowlingBash","floor":1.0},{"not_picked":["Sanctity","Meditate"],"picked":"CarveReality","floor":2.0},{"not_picked":["PathToVictory","Collect"],"picked":"EmptyBody","floor":3.0},{"not_picked":["Meditate","Crescendo"],"picked":"BattleHymn","floor":4.0},{"not_picked":["Brilliance","WaveOfTheHand"],"picked":"CrushJoints","floor":5.0},{"not_picked":["PathToVictory","Protect"],"picked":"FearNoEvil","floor":7.0},{"not_picked":["PathToVictory","EmptyBody","Wireheading"],"picked":"SKIP","floor":8.0},{"not_picked":["FollowUp","FlyingSleeves","Weave"],"picked":"SKIP","floor":11.0},{"not_picked":["PathToVictory","ThirdEye"],"picked":"Halt","floor":12.0},{"not_picked":["CutThroughFate","EmptyMind"],"picked":"Meditate","floor":13.0},{"not_picked":["Judgement","Wish"],"picked":"Blasphemy","floor":16.0},{"not_picked":["EmptyBody","Study","Fasting2"],"picked":"SKIP","floor":18.0},{"not_picked":["BowlingBash","BattleHymn+1"],"picked":"Vengeance","floor":24.0},{"not_picked":["Crescendo","Collect","ThirdEye"],"picked":"SKIP","floor":29.0},{"not_picked":["Pray","Prostrate"],"picked":"Perseverance","floor":30.0},{"not_picked":["Worship","BowlingBash","SignatureMove"],"picked":"SKIP","floor":31.0},{"not_picked":["Alpha","Omniscience"],"picked":"Scrawl","floor":33.0},{"not_picked":["ThirdEye","WindmillStrike"],"picked":"CutThroughFate+1","floor":35.0},{"not_picked":["BattleHymn","FearNoEvil"],"picked":"LikeWater","floor":36.0},{"not_picked":["BowlingBash","EmptyFist","CutThroughFate"],"picked":"SKIP","floor":37.0},{"not_picked":["BattleHymn","PathToVictory","Omniscience"],"picked":"SKIP","floor":39.0},{"not_picked":["ThirdEye","EmptyFist+1"],"picked":"Sanctity+1","floor":40.0},{"not_picked":["Meditate","ClearTheMind"],"picked":"TalkToTheHand+1","floor":41.0},{"not_picked":["Halt","FlyingSleeves"],"picked":"Evaluate+1","floor":45.0},{"not_picked":["Sanctity","Collect","Indignation"],"picked":"SKIP","floor":48.0}],"player_experience":4745030,"relics_obtained":[{"floor":11.0,"key":"Juzu Bracelet"},{"floor":13.0,"key":"CeramicFish"},{"floor":24.0,"key":"CaptainsWheel"},{"floor":26.0,"key":"Pen Nib"},{"floor":29.0,"key":"Torii"},{"floor":36.0,"key":"Girya"},{"floor":40.0,"key":"Orichalcum"},{"floor":48.0,"key":"Damaru"}],"event_choices":[{"damage_healed":0.0,"max_hp_gain":0.0,"max_hp_loss":0.0,"gold_gain":0.0,"event_name":"The Mausoleum","player_choice":"Ignored","floor":19.0,"gold_loss":0.0,"damage_taken":0.0},{"damage_healed":0.0,"max_hp_gain":0.0,"max_hp_loss":0.0,"gold_gain":0.0,"event_name":"Back to Basics","player_choice":"Simplicity","floor":20.0,"gold_loss":0.0,"damage_taken":0.0,"cards_upgraded":["Strike_P","Strike_P","Strike_P","Defend_P","Defend_P","Defend_P","Defend_P"]},{"damage_healed":0.0,"max_hp_gain":0.0,"max_hp_loss":0.0,"gold_gain":0.0,"event_name":"Nest","player_choice":"Joined the Cult","floor":22.0,"gold_loss":0.0,"damage_taken":6.0,"cards_obtained":["RitualDagger"]},{"damage_healed":0.0,"max_hp_gain":0.0,"max_hp_loss":0.0,"gold_gain":0.0,"event_name":"The Library","player_choice":"Read","floor":28.0,"gold_loss":0.0,"damage_taken":0.0,"cards_obtained":["EmptyMind"]},{"damage_healed":0.0,"max_hp_gain":0.0,"max_hp_loss":0.0,"gold_gain":0.0,"event_name":"MindBloom","player_choice":"Fight","floor":36.0,"gold_loss":0.0,"damage_taken":0.0},{"damage_healed":0.0,"max_hp_gain":0.0,"max_hp_loss":0.0,"gold_gain":0.0,"event_name":"Tomb of Lord Red Mask","player_choice":"Paid","floor":47.0,"gold_loss":73.0,"damage_taken":0.0,"relics_obtained":["Red Mask"]}],"is_beta":false,"boss_relics":[{"not_picked":["Empty Cage","VioletLotus"],"picked":"Philosopher\u0027s Stone"},{"not_picked":["Runic Pyramid","Snecko Eye"],"picked":"SacredBark"}],"items_purged_floors":[14,38,46],"is_endless":false,"potions_floor_spawned":[5,7,8,12,31,35,37,39],"ascension_level":15}