{"gold_per_floor":[117,134,409,422,52,52,81,81,154,172,172,206,218,238,238,316,316,336,349,368,379,392,392,392,392,392,417,115,115,145,165,165,236,286,305,330,347,347,347,347,372,372,424,437,27,45,45,45,45,45],"floor_reached":51,"playtime":3008,"items_purged":["Regret"],"score":1435,"play_id":"14ea3052-80c4-463a-9e69-989219f5dcdd","local_time":"20210212103802","is_ascension_mode":true,"campfire_choices":[{"data":"Eruption","floor":6.0,"key":"SMITH"},{"data":"CrushJoints","floor":8.0,"key":"SMITH"},{"floor":15.0,"key":"REST"},{"floor":23.0,"key":"REST"},{"floor":25.0,"key":"REST"},{"data":"TalkToTheHand","floor":32.0,"key":"SMITH"},{"data":"Establishment","floor":40.0,"key":"SMITH"},{"data":"WaveOfTheHand","floor":42.0,"key":"SMITH"},{"data":"MentalFortress","floor":49.0,"key":"SMITH"}],"neow_cost":"NONE","seed_source_timestamp":92876649137700,"circlet_count":0,"master_deck":["AscendersBane","Eruption+1","Vigilance","Consecrate+1","Wallop+1","EmptyFist","CrushJoints+1","WaveOfTheHand+1","CarveReality","Protect","MentalFortress","SpiritShield+1","BowlingBash","MentalFortress+1","Protect","ConjureBlade","Prostrate+1","BowlingBash","CutThroughFate","JustLucky+1","EmptyBody","ThirdEye","TalkToTheHand+1","Protect+1","Nirvana","InnerPeace","Establishment+1","Collect+1","Protect+1","MentalFortress+1","FlurryOfBlows+1"],"special_seed":0,"relics":["SacredBark","Mummified Hand","Bag of Preparation","Darkstone Periapt","Gambling Chip","Kunai","Pandora\u0027s Box","Whetstone","Juzu Bracelet","Potion Belt","War Paint","Tiny House","TungstenRod","Shuriken","Blood Vial","Thread and Needle"],"potions_floor_usage":[50,50,50],"damage_taken":[{"damage":7.0,"enemies":"Small Slimes","floor":1.0,"turns":4.0},{"damage":2.0,"enemies":"Cultist","floor":2.0,"turns":5.0},{"damage":11.0,"enemies":"Jaw Worm","floor":4.0,"turns":5.0},{"damage":3.0,"enemies":"Gremlin Nob","floor":7.0,"turns":3.0},{"damage":7.0,"enemies":"Exordium Thugs","floor":10.0,"turns":3.0},{"damage":0.0,"enemies":"Lagavulin","floor":12.0,"turns":3.0},{"damage":0.0,"enemies":"2 Fungi Beasts","floor":13.0,"turns":2.0},{"damage":5.0,"enemies":"Exordium Wildlife","floor":14.0,"turns":3.0},{"damage":17.0,"enemies":"The Guardian","floor":16.0,"turns":10.0},{"damage":7.0,"enemies":"Spheric Guardian","floor":18.0,"turns":8.0},{"damage":0.0,"enemies":"Chosen","floor":19.0,"turns":3.0},{"damage":30.0,"enemies":"Sentry and Sphere","floor":20.0,"turns":8.0},{"damage":0.0,"enemies":"Centurion and Healer","floor":21.0,"turns":5.0},{"damage":0.0,"enemies":"Cultist and Chosen","floor":22.0,"turns":4.0},{"damage":20.0,"enemies":"Slavers","floor":27.0,"turns":8.0},{"damage":4.0,"enemies":"Gremlin Leader","floor":30.0,"turns":7.0},{"damage":4.0,"enemies":"Snake Plant","floor":31.0,"turns":8.0},{"damage":0.0,"enemies":"Collector","floor":33.0,"turns":13.0},{"damage":16.0,"enemies":"3 Darklings","floor":35.0,"turns":9.0},{"damage":0.0,"enemies":"Mind Bloom Boss Battle","floor":36.0,"turns":3.0},{"damage":1.0,"enemies":"3 Shapes","floor":37.0,"turns":5.0},{"damage":0.0,"enemies":"Nemesis","floor":41.0,"turns":19.0},{"damage":55.0,"enemies":"Transient","floor":44.0,"turns":5.0},{"damage":0.0,"enemies":"4 Shapes","floor":46.0,"turns":10.0},{"damage":4,"enemies":"Awakened One","floor":50,"turns":19}],"seed_played":"-2503249346913126195","potions_obtained":[{"floor":7.0,"key":"Swift Potion"},{"floor":10.0,"key":"Fire Potion"},{"floor":13.0,"key":"FearPotion"},{"floor":16.0,"key":"Block Potion"},{"floor":19.0,"key":"Dexterity Potion"},{"floor":20.0,"key":"Fire Potion"},{"floor":27.0,"key":"LiquidMemories"},{"floor":31.0,"key":"Weak Potion"},{"floor":34.0,"key":"GamblersBrew"},{"floor":35.0,"key":"Energy Potion"},{"floor":36.0,"key":"EssenceOfSteel"},{"floor":37.0,"key":"DuplicationPotion"}],"is_trial":false,"path_per_floor":["M","M","?","M","$","R","E","R","T","M","?","E","M","M","R","B",null,"M","M","M","M","M","R","?","R","T","E","$","?","E","M","R","B",null,"M","?","M","?","?","R","E","R","T","M","$","M","?","?","R","B",null],"character_chosen":"WATCHER","items_purchased":["Mummified Hand","FearPotion","Potion Belt","Regen Potion","EssenceOfSteel","Thread and Needle","SkillPotion","Explosive Potion"],"campfire_rested":3,"item_purchase_floors":[5,5,28,28,28,45,45,45],"current_hp_per_floor":[54,52,52,41,41,41,38,38,38,31,13,13,13,8,28,11,54,47,47,17,17,17,37,25,45,45,25,25,25,66,62,62,62,72,56,56,55,55,55,55,55,55,55,2,2,4,4,60,60,56],"gold":45,"neow_bonus":"BOSS_RELIC","is_prod":false,"is_daily":false,"chose_seed":false,"campfire_upgraded":6,"win_rate":0,"timestamp":1613155082,"path_taken":["M","M","?","?","$","R","E","R","T","M","?","E","M","M","R","BOSS","M","M","M","M","M","R","?","R","T","E","$","?","E","M","R","BOSS","M","?","M","?","?","R","E","R","T","M","$","M","?","?","R","BOSS"],"build_version":"2020-12-22","purchased_purges":1,"victory":true,"max_hp_per_floor":[68,68,68,68,68,68,68,68,68,68,68,68,68,68,68,68,68,68,68,68,68,68,68,68,68,68,68,68,68,68,68,68,68,73,73,73,73,73,73,73,73,73,73,73,73,73,73,60,60,60],"card_choices":[{"not_picked":["Protect","PathToVictory"],"picked":"Consecrate","floor":1.0},{"not_picked":["Collect","Weave"],"picked":"Wallop","floor":2.0},{"not_picked":["Devotion","Conclude"],"picked":"EmptyFist","floor":4.0},{"not_picked":["Study","Prostrate"],"picked":"CrushJoints","floor":7.0},{"not_picked":["CutThroughFate","EmptyBody"],"picked":"WaveOfTheHand","floor":10.0},{"not_picked":["Perseverance","Scrawl"],"picked":"CarveReality","floor":12.0},{"not_picked":["InnerPeace","Evaluate"],"picked":"Protect","floor":13.0},{"not_picked":["PathToVictory","InnerPeace"],"picked":"MentalFortress","floor":14.0},{"not_picked":["Alpha","MasterReality"],"picked":"SpiritShield","floor":16.0},{"not_picked":["BowlingBash","Protect"],"picked":"JustLucky","floor":18.0},{"not_picked":["ConjureBlade","Protect"],"picked":"EmptyBody","floor":19.0},{"not_picked":["Consecrate","PathToVictory","FlyingSleeves"],"picked":"SKIP","floor":20.0},{"not_picked":["BowlingBash","Collect"],"picked":"ThirdEye","floor":21.0},{"not_picked":["Devotion","FlurryOfBlows"],"picked":"TalkToTheHand","floor":22.0},{"not_picked":["Halt","SashWhip"],"picked":"Protect+1","floor":27.0},{"not_picked":["Fasting2","CrushJoints"],"picked":"Nirvana","floor":30.0},{"not_picked":["CutThroughFate","JustLucky"],"picked":"InnerPeace","floor":31.0},{"not_picked":["LessonLearned","Vault"],"picked":"Establishment","floor":33.0},{"not_picked":["EmptyBody+1","TalkToTheHand"],"picked":"Collect+1","floor":35.0},{"not_picked":["ThirdEye","FollowUp"],"picked":"Protect+1","floor":36.0},{"not_picked":["FlurryOfBlows","Indignation"],"picked":"MentalFortress+1","floor":37.0},{"not_picked":["Conclude","SashWhip","Study"],"picked":"SKIP","floor":41.0},{"not_picked":["ClearTheMind","Consecrate"],"picked":"FlurryOfBlows+1","floor":44.0},{"not_picked":["BowlingBash","ThirdEye","EmptyBody"],"picked":"SKIP","floor":46.0}],"player_experience":4753702,"relics_obtained":[{"floor":7.0,"key":"Bag of Preparation"},{"floor":9.0,"key":"Darkstone Periapt"},{"floor":12.0,"key":"Kunai"},{"floor":26.0,"key":"Whetstone"},{"floor":27.0,"key":"Juzu Bracelet"},{"floor":30.0,"key":"War Paint"},{"floor":36.0,"key":"TungstenRod"},{"floor":41.0,"key":"Shuriken"},{"floor":43.0,"key":"Blood Vial"}],"event_choices":[{"damage_healed":0.0,"max_hp_gain":0.0,"max_hp_loss":0.0,"gold_gain":275.0,"event_name":"Golden Shrine","player_choice":"Desecrate","floor":3.0,"gold_loss":0.0,"damage_taken":0.0,"cards_obtained":["Regret"]},{"damage_healed":0.0,"max_hp_gain":0.0,"max_hp_loss":0.0,"gold_gain":0.0,"event_name":"Scrap Ooze","player_choice":"Success","floor":11.0,"gold_loss":0.0,"damage_taken":18.0,"relics_obtained":["Gambling Chip"]},{"damage_healed":0.0,"max_hp_gain":0.0,"max_hp_loss":0.0,"gold_gain":0.0,"event_name":"Knowing Skull","player_choice":"POTION ","floor":24.0,"potions_obtained":["Dexterity Potion"],"gold_loss":0.0,"damage_taken":12.0,"cards_obtained":[]},{"cards_removed":["ReachHeaven"],"damage_healed":0.0,"max_hp_gain":0.0,"max_hp_loss":0.0,"gold_gain":0.0,"event_name":"Back to Basics","player_choice":"Elegance","floor":29.0,"gold_loss":0.0,"damage_taken":0.0},{"damage_healed":0.0,"max_hp_gain":0.0,"max_hp_loss":0.0,"gold_gain":0.0,"event_name":"MindBloom","player_choice":"Fight","floor":36.0,"gold_loss":0.0,"damage_taken":0.0},{"damage_healed":0.0,"max_hp_gain":0.0,"max_hp_loss":0.0,"gold_gain":0.0,"event_name":"Tomb of Lord Red Mask","player_choice":"Ignored","floor":38.0,"gold_loss":0.0,"damage_taken":0.0},{"damage_healed":0.0,"max_hp_gain":0.0,"max_hp_loss":0.0,"gold_gain":0.0,"event_name":"Mysterious Sphere","player_choice":"Ignored","floor":39.0,"gold_loss":0.0,"damage_taken":0.0},{"damage_healed":0.0,"max_hp_gain":0.0,"max_hp_loss":0.0,"gold_gain":0.0,"event_name":"SensoryStone","player_choice":"Memory 1","floor":47.0,"gold_loss":0.0,"damage_taken":0.0},{"damage_healed":60.0,"max_hp_gain":0.0,"max_hp_loss":13.0,"gold_gain":0.0,"event_name":"The Moai Head","player_choice":"Heal","floor":48.0,"gold_loss":0.0,"damage_taken":0.0}],"is_beta":false,"boss_relics":[{"not_picked":["VioletLotus","Empty Cage"],"picked":"Pandora\u0027s Box"},{"not_picked":["Astrolabe","Velvet Choker"],"picked":"Tiny House"}],"items_purged_floors":[5],"is_endless":false,"potions_floor_spawned":[7,10,13,16,19,20,27,31,35,36,37],"ascension_level":15}