{"gold_per_floor":[18,29,44,44,63,90,90,117,142,142,174,196,224,161,161,235,235,254,270,250,262,5,5,39,59,59,78,112,112,122,122,122,200,200,219,235,235,248,123,123,449,449,495,23,51,7,41,51,51,51],"floor_reached":51,"playtime":2560,"items_purged":["Strike_P","Strike_P","Strike_P","Clumsy"],"score":1735,"play_id":"33cc7798-e8b7-459b-91ce-57ed29b5de9b","local_time":"20210402092917","is_ascension_mode":true,"campfire_choices":[{"floor":7.0,"key":"REST"},{"data":"Eruption","floor":10.0,"key":"SMITH"},{"data":"TalkToTheHand","floor":15.0,"key":"SMITH"},{"data":"Scrawl","floor":23.0,"key":"SMITH"},{"data":"SpiritShield","floor":29.0,"key":"SMITH"},{"data":"WheelKick","floor":32.0,"key":"SMITH"},{"data":"MentalFortress","floor":40.0,"key":"SMITH"},{"data":"Scrawl","floor":42.0,"key":"SMITH"},{"data":"MentalFortress","floor":49,"key":"SMITH"}],"neow_cost":"NO_GOLD","seed_source_timestamp":812946470822900,"circlet_count":0,"master_deck":["AscendersBane","Defend_P","Defend_P","Defend_P","Defend_P","Eruption+1","Vigilance","Blasphemy+1","DeceiveReality","Halt","WheelKick+1","CutThroughFate","SpiritShield+1","ThirdEye","TalkToTheHand+1","FlurryOfBlows","EmptyFist","Scrawl+1","Nirvana+1","TalkToTheHand+1","CutThroughFate","WheelKick+1","FearNoEvil","Consecrate+1","Scrawl+1","CrushJoints+1","MentalFortress+1","MentalFortress+1","Perseverance+1","InnerPeace+1"],"special_seed":0,"relics":["PureWater","Kunai","MealTicket","Toy Ornithopter","MawBank","Cursed Key","Vajra","FossilizedHelix","Eternal Feather","SlaversCollar","Old Coin","Pen Nib","Sling","Omamori","Toxic Egg 2","PreservedInsect"],"potions_floor_usage":[50],"damage_taken":[{"damage":2.0,"enemies":"Jaw Worm","floor":1.0,"turns":6.0},{"damage":0.0,"enemies":"Cultist","floor":2.0,"turns":3.0},{"damage":0.0,"enemies":"Small Slimes","floor":3.0,"turns":5.0},{"damage":0.0,"enemies":"Exordium Thugs","floor":5.0,"turns":5.0},{"damage":32.0,"enemies":"Gremlin Nob","floor":6.0,"turns":3.0},{"damage":16.0,"enemies":"Lagavulin","floor":8.0,"turns":11.0},{"damage":0.0,"enemies":"Gremlin Nob","floor":11.0,"turns":1.0},{"damage":1.0,"enemies":"3 Louse","floor":12.0,"turns":2.0},{"damage":10.0,"enemies":"Lots of Slimes","floor":13.0,"turns":3.0},{"damage":1.0,"enemies":"Slime Boss","floor":16.0,"turns":4.0},{"damage":2.0,"enemies":"2 Thieves","floor":18.0,"turns":3.0},{"damage":0.0,"enemies":"Spheric Guardian","floor":19.0,"turns":3.0},{"damage":0.0,"enemies":"Shelled Parasite and Fungi","floor":21.0,"turns":3.0},{"damage":0.0,"enemies":"Gremlin Leader","floor":24.0,"turns":4.0},{"damage":0.0,"enemies":"Chosen and Byrds","floor":25.0,"turns":4.0},{"damage":0.0,"enemies":"Sentry and Sphere","floor":27.0,"turns":3.0},{"damage":0.0,"enemies":"Slavers","floor":28.0,"turns":3.0},{"damage":0.0,"enemies":"Snake Plant","floor":30.0,"turns":2.0},{"damage":0.0,"enemies":"Automaton","floor":33.0,"turns":8.0},{"damage":0.0,"enemies":"3 Darklings","floor":35.0,"turns":2.0},{"damage":0.0,"enemies":"3 Shapes","floor":36.0,"turns":3.0},{"damage":0.0,"enemies":"Transient","floor":38.0,"turns":5.0},{"damage":0.0,"enemies":"Nemesis","floor":41.0,"turns":7.0},{"damage":0.0,"enemies":"Giant Head","floor":45.0,"turns":6.0},{"damage":16,"enemies":"Reptomancer","floor":47,"turns":5},{"damage":0,"enemies":"Jaw Worm Horde","floor":48,"turns":3},{"damage":20,"enemies":"Donu and Deca","floor":50,"turns":15}],"seed_played":"5385512039279753708","potions_obtained":[{"floor":1.0,"key":"Swift Potion"},{"floor":2.0,"key":"Ancient Potion"},{"floor":3.0,"key":"Strength Potion"},{"floor":13.0,"key":"GamblersBrew"},{"floor":18.0,"key":"SneckoOil"},{"floor":20.0,"key":"Dexterity Potion"},{"floor":24.0,"key":"EssenceOfSteel"},{"floor":25.0,"key":"StancePotion"},{"floor":38.0,"key":"SpeedPotion"}],"is_trial":false,"path_per_floor":["M","M","M","?","M","E","R","E","T","R","E","M","M","$","R","B",null,"M","M","?","M","$","R","E","M","T","M","E","R","M","$","R","B",null,"M","M","?","M","$","R","E","R","T","$","E","$","E","M","R","B",null],"character_chosen":"WATCHER","items_purchased":["Vajra","Sling","Omamori","MentalFortress"],"campfire_rested":1,"item_purchase_floors":[22,44,44,46],"current_hp_per_floor":[59,59,59,59,59,27,47,31,31,31,36,35,25,40,40,39,61,64,64,64,64,68,68,68,68,68,68,68,68,68,68,68,68,68,68,68,68,68,68,68,68,68,68,68,68,68,52,52,68,48],"gold":51,"neow_bonus":"THREE_RARE_CARDS","is_prod":false,"is_daily":false,"chose_seed":false,"campfire_upgraded":8,"win_rate":0,"timestamp":1617380957,"path_taken":["M","M","M","?","M","E","R","E","T","R","E","M","M","$","R","BOSS","M","M","?","?","$","R","E","M","T","M","E","R","M","$","R","BOSS","M","M","?","M","$","R","E","R","T","$","E","?","E","M","R","BOSS"],"build_version":"2020-12-22","purchased_purges":4,"victory":true,"max_hp_per_floor":[68,68,68,68,68,68,68,68,68,68,68,68,68,68,68,68,68,68,68,68,68,68,68,68,68,68,68,68,68,68,68,68,68,68,68,68,68,68,68,68,68,68,68,68,68,68,68,68,68,68],"card_choices":[{"not_picked":["Devotion","Wish"],"picked":"Blasphemy","floor":0.0},{"not_picked":["SignatureMove","WreathOfFlame"],"picked":"DeceiveReality","floor":1.0},{"not_picked":["Protect","EmptyBody"],"picked":"Halt","floor":2.0},{"not_picked":["FollowUp","CrushJoints"],"picked":"WheelKick","floor":3.0},{"not_picked":["JustLucky","WindmillStrike"],"picked":"CutThroughFate","floor":5.0},{"not_picked":["Ragnarok","Evaluate"],"picked":"SpiritShield","floor":6.0},{"not_picked":["SignatureMove","PathToVictory"],"picked":"ThirdEye","floor":8.0},{"not_picked":["ClearTheMind","Evaluate"],"picked":"TalkToTheHand","floor":11.0},{"not_picked":["PathToVictory","FlyingSleeves"],"picked":"FlurryOfBlows","floor":12.0},{"not_picked":["SashWhip","ClearTheMind"],"picked":"EmptyFist","floor":13.0},{"not_picked":["Judgement","Omniscience"],"picked":"Scrawl","floor":16.0},{"not_picked":["Prostrate","Crescendo"],"picked":"Nirvana+1","floor":18.0},{"not_picked":["Consecrate","PathToVictory"],"picked":"TalkToTheHand+1","floor":19.0},{"not_picked":["CrushJoints","JustLucky","ReachHeaven"],"picked":"SKIP","floor":21.0},{"not_picked":["SashWhip","Prostrate"],"picked":"CutThroughFate","floor":24.0},{"not_picked":["Ragnarok","SignatureMove+1"],"picked":"WheelKick+1","floor":25.0},{"not_picked":["Evaluate","Pray"],"picked":"FearNoEvil","floor":27.0},{"not_picked":["Crescendo+1","FollowUp","SignatureMove"],"picked":"SKIP","floor":28.0},{"not_picked":["Conclude","Evaluate"],"picked":"Consecrate+1","floor":30.0},{"not_picked":["Judgement","Blasphemy"],"picked":"Scrawl","floor":33.0},{"not_picked":["Prostrate","PathToVictory"],"picked":"CrushJoints+1","floor":35.0},{"not_picked":["WindmillStrike","FlurryOfBlows+1","CrushJoints+1"],"picked":"SKIP","floor":36.0},{"not_picked":["BattleHymn","Wireheading"],"picked":"MentalFortress","floor":38.0},{"not_picked":["PathToVictory","CrushJoints+1","SignatureMove"],"picked":"SKIP","floor":41.0},{"not_picked":["Adaptation","Worship+1","Wireheading"],"picked":"SKIP","floor":45.0},{"not_picked":["BowlingBash","WreathOfFlame+1"],"picked":"Perseverance+1","floor":47},{"not_picked":["Crescendo+1","FlurryOfBlows"],"picked":"InnerPeace+1","floor":48}],"player_experience":4782538,"relics_obtained":[{"floor":6.0,"key":"Kunai"},{"floor":8.0,"key":"MealTicket"},{"floor":9.0,"key":"Toy Ornithopter"},{"floor":11.0,"key":"MawBank"},{"floor":24.0,"key":"FossilizedHelix"},{"floor":28.0,"key":"Eternal Feather"},{"floor":41.0,"key":"Old Coin"},{"floor":43.0,"key":"Pen Nib"},{"floor":45.0,"key":"Toxic Egg 2"},{"floor":47,"key":"PreservedInsect"}],"event_choices":[{"damage_healed":0.0,"max_hp_gain":0.0,"max_hp_loss":0.0,"gold_gain":0.0,"event_name":"Living Wall","player_choice":"Grow","floor":4.0,"gold_loss":0.0,"damage_taken":0.0,"cards_upgraded":["Blasphemy"]},{"damage_healed":0.0,"max_hp_gain":0.0,"max_hp_loss":0.0,"gold_gain":0.0,"event_name":"The Woman in Blue","player_choice":"Bought 1 Potion","floor":20.0,"gold_loss":0.0,"damage_taken":0.0},{"cards_removed":["Strike_P"],"damage_healed":0.0,"max_hp_gain":0.0,"max_hp_loss":0.0,"gold_gain":0.0,"event_name":"Purifier","player_choice":"Purged","floor":37.0,"gold_loss":0.0,"damage_taken":0.0}],"is_beta":false,"boss_relics":[{"not_picked":["Empty Cage","Astrolabe"],"picked":"Cursed Key"},{"not_picked":["Runic Dome","Runic Pyramid"],"picked":"SlaversCollar"}],"items_purged_floors":[14,22,39,44],"is_endless":false,"potions_floor_spawned":[1,2,3,13,18,24,25,38,47],"ascension_level":16}