{"gold_per_floor":[209,220,220,234,246,246,279,279,279,299,299,343,37,112,112,203,203,227,247,297,316,316,351,351,351,433,134,157,201,201,220,220,319,319,344,234,250,20,64,64,99,174,174,215,235,304,337,350,350,350],"floor_reached":51,"playtime":2362,"items_purged":["Strike_P","Strike_P"],"score":1500,"play_id":"a0d54a68-dc73-49b1-89fa-5e3c8bfea4c5","local_time":"20210614230240","is_ascension_mode":true,"campfire_choices":[{"data":"SashWhip","floor":6.0,"key":"SMITH"},{"data":"Adaptation","floor":8.0,"key":"SMITH"},{"data":"Tantrum","floor":15.0,"key":"SMITH"},{"floor":24.0,"key":"REST"},{"floor":32.0,"key":"REST"},{"floor":40.0,"key":"REST"},{"floor":49,"key":"REST"}],"neow_cost":"NONE","seed_source_timestamp":0,"circlet_count":0,"master_deck":["AscendersBane","Strike_P","Defend_P","Defend_P","Defend_P","Defend_P","Eruption","Vigilance","Tantrum+1","SashWhip+1","FearNoEvil","BowlingBash","Adaptation+1","WheelKick","MentalFortress+1","SpiritShield","ClearTheMind+1","Perseverance+1","Halt","LikeWater+1","FlurryOfBlows","EmptyBody","Wish","EmptyFist","Protect+1","Vault","DeceiveReality","TalkToTheHand","Conclude+1"],"special_seed":0,"relics":["PureWater","Juzu Bracelet","Tiny Chest","Golden Idol","Frozen Egg 2","PreservedInsect","VioletLotus","Torii","Bottled Tornado","Blue Candle","Dream Catcher","Fusion Hammer","Potion Belt","Vajra","Pantograph","Gambling Chip","Mango","MealTicket"],"potions_floor_usage":[46,46,47,47,48,50,50],"damage_taken":[{"damage":2.0,"enemies":"2 Louse","floor":1.0,"turns":4.0},{"damage":0.0,"enemies":"Small Slimes","floor":2.0,"turns":2.0},{"damage":0.0,"enemies":"Jaw Worm","floor":4.0,"turns":1.0},{"damage":7.0,"enemies":"Blue Slaver","floor":5.0,"turns":3.0},{"damage":7.0,"enemies":"Lagavulin","floor":7.0,"turns":6.0},{"damage":0.0,"enemies":"Exordium Thugs","floor":10.0,"turns":3.0},{"damage":7.0,"enemies":"3 Sentries","floor":12.0,"turns":3.0},{"damage":24.0,"enemies":"Hexaghost","floor":16.0,"turns":8.0},{"damage":3.0,"enemies":"Chosen","floor":18.0,"turns":4.0},{"damage":1.0,"enemies":"Spheric Guardian","floor":19.0,"turns":4.0},{"damage":26.0,"enemies":"Shelled Parasite and Fungi","floor":21.0,"turns":4.0},{"damage":2.0,"enemies":"Gremlin Leader","floor":23.0,"turns":4.0},{"damage":1.0,"enemies":"Centurion and Healer","floor":28.0,"turns":4.0},{"damage":34.0,"enemies":"Slavers","floor":29.0,"turns":8.0},{"damage":1.0,"enemies":"3 Cultists","floor":31.0,"turns":7.0},{"damage":0.0,"enemies":"Champ","floor":33.0,"turns":7.0},{"damage":16.0,"enemies":"3 Shapes","floor":35.0,"turns":4.0},{"damage":1.0,"enemies":"3 Darklings","floor":37.0,"turns":5.0},{"damage":13.0,"enemies":"Sphere and 2 Shapes","floor":39.0,"turns":8.0},{"damage":1.0,"enemies":"Giant Head","floor":41.0,"turns":6.0},{"damage":20,"enemies":"Transient","floor":44,"turns":5},{"damage":2,"enemies":"Writhing Mass","floor":45,"turns":9},{"damage":7,"enemies":"2 Orb Walkers","floor":46,"turns":3},{"damage":1,"enemies":"Nemesis","floor":47,"turns":6},{"damage":0,"enemies":"3 Darklings","floor":48,"turns":5},{"damage":9,"enemies":"Time Eater","floor":50,"turns":11}],"seed_played":"19931200972255800","potions_obtained":[{"floor":1.0,"key":"SkillPotion"},{"floor":2.0,"key":"SteroidPotion"},{"floor":7.0,"key":"SteroidPotion"},{"floor":16.0,"key":"AttackPotion"},{"floor":18.0,"key":"Regen Potion"},{"floor":35.0,"key":"Weak Potion"},{"floor":39.0,"key":"AttackPotion"},{"floor":45,"key":"ColorlessPotion"},{"floor":47,"key":"BlessingOfTheForge"}],"is_trial":false,"path_per_floor":["M","M","?","M","M","R","E","R","T","M","?","E","$","?","R","B",null,"M","M","?","M","T","E","R","?","T","$","M","E","?","M","R","B",null,"M","?","M","$","M","R","E","T","T","M","M","?","E","M","R","B",null],"character_chosen":"WATCHER","items_purchased":["MentalFortress+1","PreservedInsect","CultistPotion","EntropicBrew","Potion Belt","Regen Potion"],"campfire_rested":4,"item_purchase_floors":[13,13,27,27,38,38],"current_hp_per_floor":[59,59,59,59,52,52,45,45,45,45,45,38,38,27,27,3,47,44,43,43,29,29,27,45,45,45,45,44,10,10,9,27,27,53,37,37,36,36,38,56,55,55,55,35,33,40,39,39,61,67],"gold":350,"neow_bonus":"HUNDRED_GOLD","is_prod":false,"is_daily":false,"chose_seed":false,"campfire_upgraded":3,"win_rate":0,"timestamp":1623736960,"path_taken":["M","M","?","M","M","R","E","R","T","M","?","E","$","?","R","BOSS","M","M","?","M","?","E","R","?","T","$","M","E","?","M","R","BOSS","M","?","M","$","M","R","E","?","T","M","M","?","E","M","R","BOSS"],"build_version":"2020-12-22","purchased_purges":2,"victory":true,"max_hp_per_floor":[68,68,68,68,68,68,68,68,68,68,62,62,62,62,62,62,62,62,62,62,62,62,62,62,62,62,62,62,62,62,62,62,62,62,62,62,62,62,62,62,62,62,62,62,62,76,76,76,76,76],"card_choices":[{"not_picked":["WreathOfFlame","LikeWater"],"picked":"Tantrum","floor":1.0},{"not_picked":["WindmillStrike","CutThroughFate"],"picked":"SashWhip","floor":2.0},{"not_picked":["CarveReality","BowlingBash"],"picked":"FearNoEvil","floor":4.0},{"not_picked":["Crescendo","SignatureMove"],"picked":"BowlingBash","floor":5.0},{"not_picked":["Meditate","Prostrate"],"picked":"Adaptation","floor":7.0},{"not_picked":["JustLucky","PathToVictory","Worship"],"picked":"SKIP","floor":10.0},{"not_picked":["CarveReality","Perseverance"],"picked":"WheelKick","floor":12.0},{"not_picked":["Judgement","Alpha"],"picked":"SpiritShield","floor":16.0},{"not_picked":["WindmillStrike+1","ThirdEye"],"picked":"ClearTheMind","floor":18.0},{"not_picked":["FollowUp","Study+1","Tantrum"],"picked":"SKIP","floor":19.0},{"not_picked":["Nirvana+1","InnerPeace"],"picked":"Perseverance+1","floor":21.0},{"not_picked":["Nirvana+1","Adaptation+1"],"picked":"Halt","floor":23.0},{"not_picked":["Sanctity","Vengeance","ForeignInfluence"],"picked":"SKIP","floor":28.0},{"not_picked":["WreathOfFlame+1","FlyingSleeves"],"picked":"LikeWater+1","floor":29.0},{"not_picked":["WheelKick","Vault"],"picked":"FlurryOfBlows","floor":31.0},{"not_picked":["Evaluate","ClearTheMind"],"picked":"EmptyBody","floor":32.0},{"not_picked":["Blasphemy","DeusExMachina"],"picked":"Wish","floor":33.0},{"not_picked":["Vengeance","Evaluate","EmptyBody"],"picked":"SKIP","floor":35.0},{"not_picked":["ClearTheMind","Halt"],"picked":"EmptyFist","floor":37.0},{"not_picked":["Tantrum","Crescendo"],"picked":"Protect+1","floor":39.0},{"not_picked":["ReachHeaven","ThirdEye"],"picked":"Vault","floor":40.0},{"not_picked":["SignatureMove+1","Crescendo"],"picked":"DeceiveReality","floor":41},{"not_picked":["EmptyBody+1","EmptyFist"],"picked":"TalkToTheHand","floor":44},{"not_picked":["BowlingBash","Vengeance+1"],"picked":"Conclude+1","floor":45},{"not_picked":["Consecrate","Protect","Alpha"],"picked":"SKIP","floor":47},{"not_picked":["Prostrate+1","Meditate","PathToVictory"],"picked":"SKIP","floor":48}],"player_experience":4882660,"relics_obtained":[{"floor":7.0,"key":"Juzu Bracelet"},{"floor":9.0,"key":"Tiny Chest"},{"floor":12.0,"key":"Frozen Egg 2"},{"floor":22.0,"key":"Torii"},{"floor":23.0,"key":"Bottled Tornado"},{"floor":26.0,"key":"Blue Candle"},{"floor":29.0,"key":"Dream Catcher"},{"floor":41,"key":"Vajra"},{"floor":42,"key":"Pantograph"},{"floor":43,"key":"Gambling Chip"},{"floor":46,"key":"Mango"},{"floor":47,"key":"MealTicket"}],"event_choices":[{"damage_healed":0.0,"max_hp_gain":0.0,"max_hp_loss":0.0,"gold_gain":0.0,"event_name":"Liars Game","player_choice":"Ignored","floor":3.0,"gold_loss":0.0,"damage_taken":0.0},{"damage_healed":0.0,"max_hp_gain":0.0,"max_hp_loss":6.0,"gold_gain":0.0,"event_name":"Golden Idol","player_choice":"Lose Max HP","floor":11.0,"gold_loss":0.0,"damage_taken":0.0,"relics_obtained":["Golden Idol"]},{"damage_healed":0.0,"max_hp_gain":0.0,"max_hp_loss":0.0,"gold_gain":75.0,"event_name":"World of Goop","player_choice":"Gather Gold","floor":14.0,"gold_loss":0.0,"damage_taken":11.0},{"damage_healed":0.0,"max_hp_gain":0.0,"max_hp_loss":0.0,"gold_gain":50.0,"event_name":"Nest","player_choice":"Stole From Cult","floor":20.0,"gold_loss":0.0,"damage_taken":0.0},{"damage_healed":0.0,"max_hp_gain":0.0,"max_hp_loss":0.0,"gold_gain":0.0,"event_name":"Vampires","player_choice":"Ignored","floor":25.0,"gold_loss":0.0,"damage_taken":0.0},{"damage_healed":0.0,"max_hp_gain":0.0,"max_hp_loss":0.0,"gold_gain":0.0,"event_name":"The Mausoleum","player_choice":"Ignored","floor":30.0,"gold_loss":0.0,"damage_taken":0.0},{"cards_removed":["Strike_P"],"damage_healed":0.0,"max_hp_gain":0.0,"max_hp_loss":0.0,"gold_gain":0.0,"event_name":"Designer","player_choice":"Upgrade and Remove","floor":36.0,"gold_loss":110.0,"damage_taken":0.0,"cards_upgraded":["ClearTheMind"]},{"damage_healed":0,"gold_gain":0,"player_choice":"Fight","damage_taken":0,"max_hp_gain":0,"max_hp_loss":0,"event_name":"Mysterious Sphere","floor":46,"gold_loss":0}],"is_beta":false,"boss_relics":[{"not_picked":["Pandora\u0027s Box","Sozu"],"picked":"VioletLotus"},{"not_picked":["Cursed Key","SlaversCollar"],"picked":"Fusion Hammer"}],"items_purged_floors":[13,27],"is_endless":false,"potions_floor_spawned":[1,2,7,16,18,19,29,35,39,45,47],"ascension_level":15}