{"gold_per_floor":[113,124,124,138,157,188,209,134,158,183,183,163,190,203,203,275,275,290,590,610,54,72,72,100,100,100,127,158,158,158,175,175,250,250,263,318,118,118,131,162,162,187,187,187,218,231,258,273,273,273],"floor_reached":51,"playtime":2056,"items_purged":["Strike_R","Strike_R","Strike_R"],"score":1512,"play_id":"e35841c5-1f56-4e39-aeaf-48c9892eb667","local_time":"20201217173401","is_ascension_mode":true,"campfire_choices":[{"floor":11,"key":"REST"},{"data":"Immolate","floor":15,"key":"SMITH"},{"floor":23,"key":"REST"},{"data":"Disarm","floor":25,"key":"SMITH"},{"data":"Demon Form","floor":30,"key":"SMITH"},{"data":"Metallicize","floor":32,"key":"SMITH"},{"data":"Impervious","floor":41,"key":"SMITH"},{"data":"Exhume","floor":49,"key":"SMITH"}],"neow_cost":"NONE","seed_source_timestamp":538528259598500,"circlet_count":0,"master_deck":["AscendersBane","Strike_R","Strike_R+1","Defend_R","Defend_R+1","Defend_R","Defend_R","Bash+1","Pommel Strike","Disarm+1","Immolate+1","Iron Wave","Hemokinesis","Metallicize+1","Demon Form+1","Bloodletting","Impervious+1","Shrug It Off","Exhume+1","Sword Boomerang+1","Impervious","Thunderclap+1","Havoc+1"],"relics":["Burning Blood","Oddly Smooth Stone","Odd Mushroom","Anchor","Regal Pillow","Strawberry","Runic Pyramid","Old Coin","Lizard Tail","Juzu Bracelet","Mercury Hourglass","Incense Burner","Red Mask","Busted Crown","Torii","Orichalcum","Charon\u0027s Ashes","Toxic Egg 2","Mummified Hand","Bottled Flame","Smiling Mask"],"potions_floor_usage":[6,10,16,18,24,36],"damage_taken":[{"damage":2,"enemies":"2 Louse","floor":1,"turns":4},{"damage":10,"enemies":"Small Slimes","floor":2,"turns":3},{"damage":1,"enemies":"Cultist","floor":4,"turns":3},{"damage":9,"enemies":"Lots of Slimes","floor":5,"turns":2},{"damage":24,"enemies":"Gremlin Nob","floor":6,"turns":5},{"damage":0,"enemies":"The Mushroom Lair","floor":7,"turns":2},{"damage":16,"enemies":"3 Sentries","floor":10,"turns":6},{"damage":23,"enemies":"Lagavulin","floor":13,"turns":7},{"damage":0,"enemies":"Looter","floor":14,"turns":4},{"damage":50,"enemies":"Slime Boss","floor":16,"turns":8},{"damage":32,"enemies":"2 Thieves","floor":18,"turns":4},{"damage":6,"enemies":"Shell Parasite","floor":20,"turns":6},{"damage":14,"enemies":"Centurion and Healer","floor":22,"turns":11},{"damage":5,"enemies":"Gremlin Leader","floor":24,"turns":6},{"damage":30,"enemies":"Slavers","floor":27,"turns":6},{"damage":0,"enemies":"Masked Bandits","floor":28,"turns":2},{"damage":3,"enemies":"Chosen and Byrds","floor":31,"turns":5},{"damage":5,"enemies":"Champ","floor":33,"turns":13},{"damage":5,"enemies":"3 Shapes","floor":35,"turns":6},{"damage":23,"enemies":"2 Orb Walkers","floor":36,"turns":7},{"damage":0,"enemies":"3 Darklings","floor":39,"turns":5},{"damage":11,"enemies":"Giant Head","floor":40,"turns":8},{"damage":0,"enemies":"Nemesis","floor":42,"turns":5},{"damage":9,"enemies":"Giant Head","floor":45,"turns":7},{"damage":1,"enemies":"Writhing Mass","floor":46,"turns":6},{"damage":8,"enemies":"Nemesis","floor":47,"turns":9},{"damage":0,"enemies":"Jaw Worm Horde","floor":48,"turns":1},{"damage":29,"enemies":"Donu and Deca","floor":50,"turns":7}],"seed_played":"7963417900014737447","potions_obtained":[{"floor":2,"key":"Ancient Potion"},{"floor":5,"key":"SkillPotion"},{"floor":7,"key":"CultistPotion"},{"floor":10,"key":"Explosive Potion"},{"floor":16,"key":"Fruit Juice"},{"floor":18,"key":"ElixirPotion"},{"floor":31,"key":"Energy Potion"}],"is_trial":false,"path_per_floor":["M","M","?","M","M","E","?","$","T","E","R","?","E","M","R","B",null,"M","?","M","$","M","R","E","R","T","E","?","?","R","M","R","B",null,"M","?","$","?","M","E","R","E","T","T","E","M","E","M","R","B",null],"character_chosen":"IRONCLAD","items_purchased":["Lizard Tail","Impervious","GamblersBrew"],"campfire_rested":2,"item_purchase_floors":[21,21,37],"current_hp_per_floor":[72,68,45,50,47,29,35,35,35,25,62,62,52,58,58,14,65,44,44,44,44,36,77,78,78,78,54,60,60,60,63,63,64,81,82,65,65,65,71,66,66,72,72,72,69,74,72,78,78,55],"gold":273,"neow_bonus":"UPGRADE_CARD","is_prod":false,"is_daily":false,"chose_seed":false,"campfire_upgraded":6,"win_rate":0,"timestamp":1608255241,"path_taken":["M","M","?","M","M","E","?","$","T","E","R","?","E","M","R","BOSS","M","?","M","$","?","R","E","R","T","E","?","?","R","M","R","BOSS","M","?","$","?","M","E","R","E","T","?","E","M","E","M","R","BOSS"],"build_version":"2020-12-13","purchased_purges":3,"victory":true,"max_hp_per_floor":[75,75,75,75,75,75,75,75,75,75,75,75,82,82,82,82,82,87,87,87,87,87,87,87,87,87,87,87,87,87,87,87,87,87,87,87,87,83,83,83,83,83,83,83,83,83,83,83,83,83],"card_choices":[{"not_picked":["Perfected Strike","Heavy Blade"],"picked":"Pommel Strike","floor":1},{"not_picked":["Burning Pact","Havoc"],"picked":"Disarm","floor":2},{"not_picked":["Perfected Strike","Clothesline"],"picked":"Immolate","floor":4},{"not_picked":["Fire Breathing","Warcry"],"picked":"Iron Wave","floor":5},{"not_picked":["Whirlwind","Power Through"],"picked":"Hemokinesis","floor":6},{"not_picked":["Burning Pact","Warcry","Pummel"],"picked":"SKIP","floor":10},{"not_picked":["Havoc","Flex","Pommel Strike"],"picked":"SKIP","floor":13},{"not_picked":["Flex","Dual Wield"],"picked":"Metallicize","floor":14},{"not_picked":["Berserk","Barricade"],"picked":"Demon Form","floor":16},{"not_picked":["Sentinel","Flex","Clothesline"],"picked":"SKIP","floor":18},{"not_picked":["Thunderclap","Iron Wave"],"picked":"Bloodletting","floor":20},{"not_picked":["Headbutt+1","Wild Strike"],"picked":"Shrug It Off","floor":22},{"not_picked":["Iron Wave+1","Pommel Strike+1","Uppercut"],"picked":"SKIP","floor":24},{"not_picked":["Cleave","Second Wind"],"picked":"Exhume","floor":27},{"not_picked":["Clash","Sever Soul"],"picked":"Sword Boomerang+1","floor":28},{"not_picked":["Iron Wave","Headbutt","Berserk"],"picked":"SKIP","floor":31},{"not_picked":["Limit Break","Fiend Fire"],"picked":"Impervious","floor":33},{"not_picked":["Twin Strike"],"picked":"SKIP","floor":35},{"not_picked":["Wild Strike"],"picked":"SKIP","floor":39},{"not_picked":["Iron Wave"],"picked":"SKIP","floor":40},{"not_picked":["True Grit"],"picked":"SKIP","floor":42},{"not_picked":["True Grit"],"picked":"SKIP","floor":42},{"not_picked":[],"picked":"Thunderclap+1","floor":45},{"not_picked":["Body Slam"],"picked":"SKIP","floor":46},{"not_picked":[],"picked":"Havoc+1","floor":47},{"not_picked":["Anger"],"picked":"SKIP","floor":48}],"player_experience":4590323,"relics_obtained":[{"floor":6,"key":"Oddly Smooth Stone"},{"floor":7,"key":"Odd Mushroom"},{"floor":9,"key":"Anchor"},{"floor":10,"key":"Regal Pillow"},{"floor":13,"key":"Strawberry"},{"floor":19,"key":"Old Coin"},{"floor":24,"key":"Juzu Bracelet"},{"floor":26,"key":"Mercury Hourglass"},{"floor":27,"key":"Incense Burner"},{"floor":28,"key":"Red Mask"},{"floor":36,"key":"Torii"},{"floor":40,"key":"Orichalcum"},{"floor":42,"key":"Charon\u0027s Ashes"},{"floor":43,"key":"Toxic Egg 2"},{"floor":44,"key":"Mummified Hand"},{"floor":45,"key":"Bottled Flame"},{"floor":47,"key":"Smiling Mask"}],"event_choices":[{"damage_healed":0,"gold_gain":0,"player_choice":"Entered Light","damage_taken":23,"max_hp_gain":0,"max_hp_loss":0,"event_name":"Shining Light","floor":3,"gold_loss":0,"cards_upgraded":["Strike_R","Defend_R"]},{"damage_healed":0,"gold_gain":0,"player_choice":"Fought Mushrooms","damage_taken":0,"max_hp_gain":0,"max_hp_loss":0,"event_name":"Mushrooms","floor":7,"gold_loss":0},{"damage_healed":0,"gold_gain":0,"player_choice":"Bought 1 Potion","damage_taken":0,"max_hp_gain":0,"max_hp_loss":0,"event_name":"The Woman in Blue","floor":12,"gold_loss":0},{"damage_healed":0,"gold_gain":0,"player_choice":"Relic","damage_taken":0,"max_hp_gain":0,"max_hp_loss":0,"event_name":"Wheel of Change","floor":19,"gold_loss":0},{"damage_healed":0,"gold_gain":0,"player_choice":"Fought Bandits","damage_taken":0,"max_hp_gain":0,"max_hp_loss":0,"event_name":"Masked Bandits","floor":28,"gold_loss":0},{"damage_healed":0,"gold_gain":0,"player_choice":"Ignored","damage_taken":0,"max_hp_gain":0,"max_hp_loss":0,"event_name":"The Mausoleum","floor":29,"gold_loss":0},{"damage_healed":0,"gold_gain":0,"player_choice":"Fight","damage_taken":0,"max_hp_gain":0,"max_hp_loss":0,"event_name":"Mysterious Sphere","floor":36,"gold_loss":0},{"damage_healed":0,"gold_gain":0,"player_choice":"Max HP","damage_taken":0,"max_hp_gain":0,"max_hp_loss":4,"event_name":"Winding Halls","floor":38,"gold_loss":0}],"is_beta":false,"boss_relics":[{"not_picked":["Tiny House","Runic Dome"],"picked":"Runic Pyramid"},{"not_picked":["SacredBark","Mark of Pain"],"picked":"Busted Crown"}],"items_purged_floors":[8,21,37],"is_endless":false,"potions_floor_spawned":[2,5,7,10,16,18,20,31,33,35,42,46],"ascension_level":15}