{"gold_per_floor":[362,377,377,393,393,393,419,419,419,445,445,56,83,102,102,179,179,191,40,40,54,54,54,88,98,152,172,204,204,229,247,247,324,324,339,339,357,367,127,160,173,173,173,190,33,33,33,64,64,64],"floor_reached":51,"playtime":2108,"items_purged":["Strike_R","Strike_R"],"score":1427,"play_id":"164c8e6b-24a7-4bc4-879f-0e5157602995","local_time":"20210103195544","is_ascension_mode":true,"campfire_choices":[{"data":"Carnage","floor":6.0,"key":"SMITH"},{"data":"Cleave","floor":8.0,"key":"SMITH"},{"data":"Shockwave","floor":11.0,"key":"SMITH"},{"data":"Uppercut","floor":15.0,"key":"SMITH"},{"data":"Spot Weakness","floor":23.0,"key":"SMITH"},{"data":"Body Slam","floor":32.0,"key":"SMITH"},{"data":"Demon Form","floor":42.0,"key":"SMITH"},{"floor":47,"key":"REST"},{"data":"Feel No Pain","floor":49,"key":"SMITH"}],"neow_cost":"TEN_PERCENT_HP_LOSS","seed_source_timestamp":350624826946100,"circlet_count":0,"master_deck":["AscendersBane","Strike_R+1","Strike_R+1","Defend_R","Defend_R","Defend_R","Bash","Carnage+1","Shockwave+1","Ghostly Armor","Cleave+1","Iron Wave","Spot Weakness+1","Uppercut+1","Feed","CurseOfTheBell","Feed","Anger","Body Slam+1","Feel No Pain+1","Demon Form+1","Battle Trance","Feel No Pain+1","Havoc+1"],"special_seed":0,"relics":["Burning Blood","Kunai","TungstenRod","Singing Bowl","Whetstone","Torii","Magic Flower","Calling Bell","Dream Catcher","Gremlin Horn","Shovel","Orichalcum","Art of War","Oddly Smooth Stone","Bag of Preparation","Philosopher\u0027s Stone","Self Forming Clay","PreservedInsect","Shuriken","Potion Belt","Pantograph"],"potions_floor_usage":[50,50],"damage_taken":[{"damage":6.0,"enemies":"Cultist","floor":1.0,"turns":4.0},{"damage":6.0,"enemies":"2 Louse","floor":2.0,"turns":2.0},{"damage":7.0,"enemies":"Jaw Worm","floor":4.0,"turns":3.0},{"damage":10.0,"enemies":"Lagavulin","floor":7.0,"turns":6.0},{"damage":21.0,"enemies":"Gremlin Nob","floor":10.0,"turns":4.0},{"damage":18.0,"enemies":"Lagavulin","floor":13.0,"turns":6.0},{"damage":14.0,"enemies":"Exordium Wildlife","floor":14.0,"turns":4.0},{"damage":11.0,"enemies":"The Guardian","floor":16.0,"turns":11.0},{"damage":0.0,"enemies":"3 Byrds","floor":18.0,"turns":4.0},{"damage":10.0,"enemies":"Spheric Guardian","floor":21.0,"turns":5.0},{"damage":60.0,"enemies":"Gremlin Leader","floor":24.0,"turns":9.0},{"damage":11.0,"enemies":"Cultist and Chosen","floor":25.0,"turns":6.0},{"damage":0.0,"enemies":"Centurion and Healer","floor":27.0,"turns":5.0},{"damage":5.0,"enemies":"Book of Stabbing","floor":28.0,"turns":7.0},{"damage":23.0,"enemies":"Gremlin Leader","floor":30.0,"turns":8.0},{"damage":5.0,"enemies":"Snake Plant","floor":31.0,"turns":3.0},{"damage":44.0,"enemies":"Automaton","floor":33.0,"turns":12.0},{"damage":4.0,"enemies":"3 Shapes","floor":35.0,"turns":6.0},{"damage":0.0,"enemies":"Orb Walker","floor":37.0,"turns":3.0},{"damage":23.0,"enemies":"Sphere and 2 Shapes","floor":38.0,"turns":5.0},{"damage":64.0,"enemies":"Giant Head","floor":40.0,"turns":7.0},{"damage":0.0,"enemies":"4 Shapes","floor":41.0,"turns":7.0},{"damage":21,"enemies":"Writhing Mass","floor":44,"turns":9},{"damage":20,"enemies":"Reptomancer","floor":48,"turns":5},{"damage":111,"enemies":"Donu and Deca","floor":50,"turns":10}],"seed_played":"-1444719955540168242","potions_obtained":[{"floor":1.0,"key":"SpeedPotion"},{"floor":14.0,"key":"Strength Potion"},{"floor":16.0,"key":"HeartOfIron"},{"floor":25.0,"key":"SpeedPotion"},{"floor":27.0,"key":"SkillPotion"},{"floor":31.0,"key":"Weak Potion"},{"floor":33.0,"key":"Block Potion"},{"floor":35.0,"key":"Explosive Potion"},{"floor":37.0,"key":"Weak Potion"},{"floor":40.0,"key":"EssenceOfSteel"},{"floor":44,"key":"BloodPotion"}],"is_trial":false,"path_per_floor":["M","M","?","M","?","R","E","R","T","E","R","$","E","M","R","B",null,"M","$","?","M","$","R","E","M","T","M","E","?","E","M","R","B",null,"M","?","M","M","$","E","M","R","T","M","$","?","R","E","R","B",null],"character_chosen":"IRONCLAD","items_purchased":["Torii","Block Potion","Self Forming Clay","Potion Belt"],"campfire_rested":1,"item_purchase_floors":[12,19,39,45],"current_hp_per_floor":[68,68,68,67,56,56,52,52,52,37,37,37,25,20,20,18,56,72,72,72,78,78,78,32,37,37,53,64,64,55,66,66,31,86,103,103,111,100,100,47,66,66,66,56,56,56,95,89,89,63],"gold":64,"neow_bonus":"TWO_FIFTY_GOLD","is_prod":false,"is_daily":false,"chose_seed":false,"campfire_upgraded":8,"win_rate":0,"timestamp":1609732544,"path_taken":["M","M","?","M","?","R","E","R","T","E","R","?","E","M","R","BOSS","M","$","?","?","?","R","E","M","T","M","E","?","E","M","R","BOSS","M","?","M","M","$","E","M","R","T","M","$","?","R","E","R","BOSS"],"build_version":"2020-12-22","purchased_purges":2,"victory":true,"max_hp_per_floor":[68,68,68,68,68,68,68,68,68,68,68,68,68,68,68,68,68,73,73,73,78,78,78,81,86,86,91,96,96,99,104,104,104,104,112,106,111,114,114,116,122,122,122,124,124,124,126,129,129,129],"card_choices":[{"not_picked":["Uppercut","Pommel Strike"],"picked":"Carnage","floor":1.0},{"not_picked":["Wild Strike","Warcry"],"picked":"Shockwave","floor":2.0},{"not_picked":["Flex","Wild Strike"],"picked":"Ghostly Armor","floor":4.0},{"not_picked":["Sword Boomerang","Body Slam"],"picked":"Cleave","floor":7.0},{"not_picked":["Warcry","Wild Strike"],"picked":"Iron Wave","floor":10.0},{"not_picked":["Havoc","Bludgeon"],"picked":"Spot Weakness","floor":13.0},{"not_picked":["Clothesline","Infernal Blade"],"picked":"Uppercut","floor":14.0},{"not_picked":["Bludgeon","Barricade"],"picked":"Feed","floor":16.0},{"not_picked":["Sword Boomerang","Dark Embrace","Rampage"],"picked":"Singing Bowl","floor":18.0},{"not_picked":["Wild Strike","Cleave","Armaments"],"picked":"Singing Bowl","floor":21.0},{"not_picked":["Metallicize","Disarm"],"picked":"Anger","floor":24.0},{"not_picked":["Berserk","Headbutt","Perfected Strike+1"],"picked":"Singing Bowl","floor":25.0},{"not_picked":["Sword Boomerang","Perfected Strike","Seeing Red"],"picked":"Singing Bowl","floor":27.0},{"not_picked":["Juggernaut","Havoc","Clothesline"],"picked":"Singing Bowl","floor":28.0},{"not_picked":["Seeing Red","Warcry"],"picked":"Feel No Pain","floor":30.0},{"not_picked":["Warcry","Pommel Strike","Entrench"],"picked":"Singing Bowl","floor":31.0},{"not_picked":["Barricade","Bludgeon"],"picked":"Demon Form","floor":33.0},{"not_picked":["Perfected Strike","Anger+1","Intimidate"],"picked":"Singing Bowl","floor":35.0},{"not_picked":["Warcry","Seeing Red+1","Wild Strike"],"picked":"Singing Bowl","floor":37.0},{"not_picked":["Thunderclap","Seeing Red"],"picked":"Battle Trance","floor":38.0},{"not_picked":["Headbutt","Havoc","Body Slam"],"picked":"Singing Bowl","floor":40.0},{"not_picked":["Armaments+1","Flex"],"picked":"Feel No Pain+1","floor":41.0},{"not_picked":["Intimidate","Headbutt+1","Rupture"],"picked":"Singing Bowl","floor":44},{"not_picked":["Cleave","Evolve+1","Sword Boomerang"],"picked":"Singing Bowl","floor":47},{"not_picked":["Intimidate","Double Tap"],"picked":"Havoc+1","floor":48}],"player_experience":4672333,"relics_obtained":[{"floor":7.0,"key":"TungstenRod"},{"floor":9.0,"key":"Singing Bowl"},{"floor":10.0,"key":"Whetstone"},{"floor":13.0,"key":"Magic Flower"},{"floor":17.0,"key":"Dream Catcher"},{"floor":17.0,"key":"Gremlin Horn"},{"floor":17.0,"key":"Shovel"},{"floor":24.0,"key":"Orichalcum"},{"floor":26.0,"key":"Art of War"},{"floor":28.0,"key":"Oddly Smooth Stone"},{"floor":30.0,"key":"Bag of Preparation"},{"floor":40.0,"key":"PreservedInsect"},{"floor":43.0,"key":"Shuriken"},{"floor":48,"key":"Pantograph"}],"event_choices":[{"damage_healed":0.0,"max_hp_gain":0.0,"max_hp_loss":0.0,"gold_gain":0.0,"event_name":"Liars Game","player_choice":"Ignored","floor":3.0,"gold_loss":0.0,"damage_taken":0.0},{"damage_healed":0.0,"max_hp_gain":0.0,"max_hp_loss":0.0,"gold_gain":0.0,"event_name":"Scrap Ooze","player_choice":"Success","floor":5.0,"gold_loss":0.0,"damage_taken":11.0,"relics_obtained":["Kunai"]},{"damage_healed":0.0,"max_hp_gain":0.0,"max_hp_loss":0.0,"gold_gain":0.0,"event_name":"Duplicator","player_choice":"Copied","floor":20.0,"gold_loss":0.0,"damage_taken":0.0,"cards_obtained":["Feed"]},{"damage_healed":0.0,"max_hp_gain":0.0,"max_hp_loss":0.0,"gold_gain":0.0,"cards_transformed":["Strike_R"],"event_name":"Transmorgrifier","player_choice":"Transformed","floor":29.0,"gold_loss":0.0,"damage_taken":0.0,"cards_obtained":["Body Slam"]},{"damage_healed":0.0,"max_hp_gain":0.0,"max_hp_loss":6.0,"gold_gain":0.0,"event_name":"Winding Halls","player_choice":"Max HP","floor":36.0,"gold_loss":0.0,"damage_taken":0.0},{"cards_removed":["Defend_R"],"damage_healed":0,"gold_gain":0,"player_choice":"Removed Skill","damage_taken":0,"max_hp_gain":0,"max_hp_loss":0,"event_name":"Falling","floor":46,"gold_loss":0}],"is_beta":false,"boss_relics":[{"not_picked":["SacredBark","Astrolabe"],"picked":"Calling Bell"},{"not_picked":["Velvet Choker","Tiny House"],"picked":"Philosopher\u0027s Stone"}],"items_purged_floors":[12,19],"is_endless":false,"potions_floor_spawned":[1,14,16,25,27,31,33,35,37,40,44],"ascension_level":15}