{"gold_per_floor":[365,384,384,394,27,27,42,73,155,184,184,195,195,195,195,272,272,290,290,52,62,62,90,90,122,122,122,141,141,176,191,191,270,270,285,103,103,155,165,191,191,221,221,221,234,234,269,131,131,131],"floor_reached":51,"playtime":1992,"items_purged":["Strike_R","Strike_R"],"score":1448,"play_id":"9f7150ec-fc9e-4d13-b402-b71500811535","local_time":"20210108195037","is_ascension_mode":true,"campfire_choices":[{"data":"Combust","floor":6,"key":"SMITH"},{"data":"Armaments","floor":13,"key":"SMITH"},{"data":"Rupture","floor":15,"key":"SMITH"},{"floor":27,"key":"REST"},{"floor":29,"key":"REST"},{"data":"Limit Break","floor":32,"key":"SMITH"},{"floor":41,"key":"REST"},{"floor":44,"key":"REST"},{"floor":46,"key":"REST"},{"data":"Dark Embrace","floor":49,"key":"SMITH"}],"neow_cost":"TEN_PERCENT_HP_LOSS","seed_source_timestamp":782543671256900,"circlet_count":0,"master_deck":["AscendersBane","Strike_R","Strike_R+1","Defend_R","Defend_R","Defend_R","Defend_R","Bash+1","Iron Wave+1","Armaments+1","Combust+1","Cleave","Rupture+1","Limit Break+1","Sword Boomerang","Heavy Blade","Feel No Pain+1","Clothesline+1","Battle Trance","Anger+1","Impervious","True Grit+1","Shockwave","Burning Pact","Sword Boomerang","Whirlwind+1","Exhume","Offering","Fiend Fire","Dark Embrace+1"],"relics":["Burning Blood","Red Skull","Bag of Preparation","Bird Faced Urn","Ornamental Fan","Art of War","Sozu","Kunai","Akabeko","Bag of Marbles","Gambling Chip","Thread and Needle","Black Star","StoneCalendar","Omamori","Whetstone","Anchor","Mercury Hourglass","White Beast Statue","Letter Opener","TungstenRod"],"potions_floor_usage":[10,38,50],"damage_taken":[{"damage":6,"enemies":"Cultist","floor":1,"turns":3},{"damage":9,"enemies":"Jaw Worm","floor":2,"turns":3},{"damage":4,"enemies":"Small Slimes","floor":4,"turns":3},{"damage":6,"enemies":"Looter","floor":7,"turns":4},{"damage":22,"enemies":"Lagavulin","floor":8,"turns":6},{"damage":27,"enemies":"Gremlin Nob","floor":10,"turns":4},{"damage":3,"enemies":"Exordium Thugs","floor":12,"turns":3},{"damage":4,"enemies":"Slime Boss","floor":16,"turns":5},{"damage":9,"enemies":"3 Byrds","floor":18,"turns":3},{"damage":12,"enemies":"Shell Parasite","floor":21,"turns":4},{"damage":32,"enemies":"Book of Stabbing","floor":23,"turns":4},{"damage":58,"enemies":"Slavers","floor":25,"turns":5},{"damage":6,"enemies":"Cultist and Chosen","floor":28,"turns":4},{"damage":27,"enemies":"Gremlin Leader","floor":30,"turns":6},{"damage":1,"enemies":"Snecko","floor":31,"turns":3},{"damage":17,"enemies":"Champ","floor":33,"turns":9},{"damage":0,"enemies":"Orb Walker","floor":35,"turns":2},{"damage":31,"enemies":"2 Orb Walkers","floor":38,"turns":4},{"damage":7,"enemies":"3 Darklings","floor":39,"turns":4},{"damage":23,"enemies":"Giant Head","floor":40,"turns":7},{"damage":37,"enemies":"Nemesis","floor":42,"turns":7},{"damage":12,"enemies":"Sphere and 2 Shapes","floor":45,"turns":6},{"damage":15,"enemies":"Reptomancer","floor":47,"turns":5},{"damage":45,"enemies":"Donu and Deca","floor":50,"turns":7}],"seed_played":"5331764653313310856","potions_obtained":[{"floor":1,"key":"DistilledChaos"},{"floor":2,"key":"Dexterity Potion"},{"floor":16,"key":"LiquidMemories"}],"is_trial":false,"path_per_floor":["M","M","?","M","$","R","M","E","T","E","?","M","R","?","R","B",null,"M","?","$","M","$","E","?","E","T","R","M","R","E","M","R","B",null,"M","$","?","?","M","E","R","E","T","R","M","R","E","$","R","B",null],"character_chosen":"IRONCLAD","items_purchased":["Combust","Red Skull","Bag of Preparation","Kunai","Shockwave","Burning Pact","Dark Embrace"],"campfire_rested":5,"item_purchase_floors":[5,5,5,20,36,36,48],"current_hp_per_floor":[68,65,65,67,67,67,67,51,51,30,23,28,28,33,33,39,65,64,64,64,62,62,40,73,23,23,44,50,71,56,63,63,58,69,73,73,73,48,51,40,61,32,32,53,53,73,66,66,66,35],"gold":131,"neow_bonus":"TWO_FIFTY_GOLD","is_prod":false,"is_daily":false,"chose_seed":false,"campfire_upgraded":5,"win_rate":0,"timestamp":1610164237,"path_taken":["M","M","?","M","$","R","M","E","T","E","?","M","R","?","R","BOSS","M","?","$","M","?","E","?","E","T","R","M","R","E","?","R","BOSS","M","$","?","?","M","E","R","E","T","R","M","R","E","$","R","BOSS"],"build_version":"2020-12-22","purchased_purges":2,"victory":true,"max_hp_per_floor":[68,68,68,68,68,68,68,68,68,68,68,68,68,73,73,73,73,73,73,73,73,73,73,73,73,73,73,73,73,73,73,73,73,73,73,73,73,73,73,73,73,73,73,73,73,73,73,73,73,73],"card_choices":[{"not_picked":["Seeing Red","Havoc"],"picked":"Battle Trance","floor":1},{"not_picked":["Wild Strike","Dual Wield"],"picked":"Iron Wave","floor":2},{"not_picked":["Flex","Power Through"],"picked":"Armaments","floor":4},{"not_picked":["Searing Blow","Ghostly Armor"],"picked":"Wild Strike","floor":7},{"not_picked":["Sword Boomerang","Wild Strike"],"picked":"Cleave","floor":8},{"not_picked":["Feel No Pain","Wild Strike","Body Slam"],"picked":"SKIP","floor":10},{"not_picked":["Flex","Dropkick"],"picked":"Rupture","floor":12},{"not_picked":["Immolate","Corruption"],"picked":"Limit Break","floor":16},{"not_picked":["Bloodletting","Dark Embrace","Rage"],"picked":"SKIP","floor":18},{"not_picked":["Pommel Strike","Burning Pact"],"picked":"Sword Boomerang","floor":21},{"not_picked":["Warcry","Juggernaut"],"picked":"Heavy Blade","floor":23},{"not_picked":["Sword Boomerang","Entrench"],"picked":"Feel No Pain+1","floor":25},{"not_picked":["Shrug It Off","Armaments"],"picked":"Clothesline+1","floor":28},{"not_picked":["Entrench","Thunderclap"],"picked":"Battle Trance","floor":30},{"not_picked":["Heavy Blade","Warcry"],"picked":"Anger+1","floor":31},{"not_picked":["Juggernaut","Demon Form"],"picked":"Impervious","floor":33},{"not_picked":["Anger","Rampage"],"picked":"True Grit+1","floor":35},{"not_picked":["Clash","Body Slam+1"],"picked":"Sword Boomerang","floor":38},{"not_picked":["Shrug It Off","Wild Strike"],"picked":"Whirlwind+1","floor":39},{"not_picked":["Reckless Charge","Perfected Strike"],"picked":"Exhume","floor":40},{"not_picked":["Twin Strike","Rupture"],"picked":"Offering","floor":42},{"not_picked":["Cleave+1","Thunderclap","Clash"],"picked":"SKIP","floor":45},{"not_picked":["Metallicize","Warcry"],"picked":"Fiend Fire","floor":47}],"player_experience":4679114,"relics_obtained":[{"floor":8,"key":"Bird Faced Urn"},{"floor":9,"key":"Ornamental Fan"},{"floor":10,"key":"Art of War"},{"floor":23,"key":"Akabeko"},{"floor":25,"key":"Bag of Marbles"},{"floor":26,"key":"Gambling Chip"},{"floor":30,"key":"Thread and Needle"},{"floor":38,"key":"StoneCalendar"},{"floor":40,"key":"Omamori"},{"floor":40,"key":"Whetstone"},{"floor":42,"key":"Anchor"},{"floor":42,"key":"Mercury Hourglass"},{"floor":43,"key":"White Beast Statue"},{"floor":47,"key":"Letter Opener"},{"floor":47,"key":"TungstenRod"}],"event_choices":[{"damage_healed":0,"gold_gain":0,"player_choice":"Grow","damage_taken":0,"max_hp_gain":0,"max_hp_loss":0,"event_name":"Living Wall","floor":3,"gold_loss":0,"cards_upgraded":["Bash"]},{"cards_removed":["Strike_R"],"damage_healed":0,"gold_gain":0,"player_choice":"Card Removal","damage_taken":7,"max_hp_gain":0,"max_hp_loss":0,"event_name":"Golden Wing","floor":11,"gold_loss":0},{"damage_healed":0,"gold_gain":0,"player_choice":"Donut","damage_taken":0,"max_hp_gain":5,"max_hp_loss":0,"event_name":"Big Fish","floor":14,"gold_loss":0},{"damage_healed":0,"gold_gain":0,"player_choice":"Got Potions","damage_taken":0,"max_hp_gain":0,"max_hp_loss":0,"event_name":"Lab","floor":19,"gold_loss":0},{"cards_removed":["Battle Trance"],"damage_healed":33,"gold_gain":0,"player_choice":"Offered Uncommon","damage_taken":0,"max_hp_gain":0,"max_hp_loss":0,"event_name":"Bonfire Elementals","floor":24,"gold_loss":0},{"cards_removed":["Wild Strike"],"damage_healed":0,"gold_gain":0,"player_choice":"Removed Attack","damage_taken":0,"max_hp_gain":0,"max_hp_loss":0,"event_name":"Falling","floor":37,"gold_loss":0},{"damage_healed":0,"gold_gain":0,"player_choice":"Fight","damage_taken":0,"max_hp_gain":0,"max_hp_loss":0,"event_name":"Mysterious Sphere","floor":38,"gold_loss":0}],"is_beta":false,"boss_relics":[{"not_picked":["Busted Crown","Runic Pyramid"],"picked":"Sozu"},{"not_picked":["Velvet Choker","Black Blood"],"picked":"Black Star"}],"items_purged_floors":[36,48],"is_endless":false,"potions_floor_spawned":[1,2,8,16,21,25,30,31,33,38,39,45,47],"ascension_level":15}