{"gold_per_floor":[19,19,19,42,66,97,120,160,186,38,53,76,91,130,130,219,219,232,248,273,297,222,253,253,288,335,368,418,439,49,85,85,180,180,204,224,245,245,245,281,281,314,314,345,72,72,86,121,121,121],"floor_reached":51,"playtime":2412,"items_purged":["Strike_R","Strike_R","Anger"],"score":1546,"play_id":"3f8c5850-ed5b-4bd9-8432-e5d286cb77c2","local_time":"20210609211242","is_ascension_mode":true,"campfire_choices":[{"data":"Uppercut","floor":15.0,"key":"SMITH"},{"floor":24.0,"key":"REST"},{"floor":32,"key":"REST"},{"data":"Spot Weakness","floor":41,"key":"SMITH"},{"data":"1","floor":46,"key":"LIFT"},{"data":"2","floor":49,"key":"LIFT"}],"neow_cost":"NO_GOLD","seed_source_timestamp":389396907949100,"circlet_count":0,"master_deck":["AscendersBane","Strike_R","Strike_R","Defend_R","Defend_R","Defend_R","Defend_R","Bash","Fiend Fire","Carnage","Armaments","Spot Weakness+1","Metallicize","Flame Barrier","Shrug It Off","Battle Trance","Uppercut+1","Feed","Inflame","Shockwave","Shrug It Off","Heavy Blade+1","Reaper+1","Disarm","Exhume","Disarm+1","Shrug It Off+1","Second Wind+1","Armaments+1","Parasite","Sword Boomerang+1"],"special_seed":0,"relics":["Burning Blood","Golden Idol","Matryoshka","Vajra","PreservedInsect","Happy Flower","Singing Bowl","Sozu","Pen Nib","Molten Egg 2","Ornamental Fan","Art of War","Champion Belt","Bag of Preparation","Question Card","Snecko Eye","Thread and Needle","Potion Belt","Girya","Lizard Tail","Orichalcum","StrikeDummy"],"potions_floor_usage":[48],"damage_taken":[{"damage":10.0,"enemies":"Small Slimes","floor":1.0,"turns":4.0},{"damage":2.0,"enemies":"Jaw Worm","floor":4.0,"turns":3.0},{"damage":1.0,"enemies":"Cultist","floor":5.0,"turns":3.0},{"damage":41.0,"enemies":"Gremlin Nob","floor":6.0,"turns":5.0},{"damage":1.0,"enemies":"2 Fungi Beasts","floor":7.0,"turns":3.0},{"damage":12.0,"enemies":"Lagavulin","floor":8.0,"turns":6.0},{"damage":3.0,"enemies":"Blue Slaver","floor":11.0,"turns":2.0},{"damage":0.0,"enemies":"3 Louse","floor":12.0,"turns":3.0},{"damage":1.0,"enemies":"Large Slime","floor":13.0,"turns":4.0},{"damage":5.0,"enemies":"Gremlin Nob","floor":14.0,"turns":3.0},{"damage":45.0,"enemies":"The Guardian","floor":16.0,"turns":12.0},{"damage":21.0,"enemies":"3 Byrds","floor":18.0,"turns":6.0},{"damage":0.0,"enemies":"Shell Parasite","floor":19.0,"turns":8.0},{"damage":25.0,"enemies":"Centurion and Healer","floor":20.0,"turns":5.0},{"damage":18.0,"enemies":"3 Cultists","floor":21.0,"turns":5.0},{"damage":18.0,"enemies":"Gremlin Leader","floor":23.0,"turns":4.0},{"damage":10.0,"enemies":"Book of Stabbing","floor":25.0,"turns":3.0},{"damage":22,"enemies":"Gremlin Leader","floor":27,"turns":9},{"damage":22,"enemies":"Shelled Parasite and Fungi","floor":29,"turns":7},{"damage":16,"enemies":"Slavers","floor":31,"turns":4},{"damage":55,"enemies":"Collector","floor":33,"turns":10},{"damage":32,"enemies":"3 Darklings","floor":35,"turns":6},{"damage":9,"enemies":"3 Shapes","floor":36,"turns":5},{"damage":9,"enemies":"Maw","floor":37,"turns":7},{"damage":20,"enemies":"Nemesis","floor":40,"turns":3},{"damage":7,"enemies":"Giant Head","floor":42,"turns":6},{"damage":19,"enemies":"Mind Bloom Boss Battle","floor":44,"turns":7},{"damage":0,"enemies":"Writhing Mass","floor":47,"turns":8},{"damage":14,"enemies":"Reptomancer","floor":48,"turns":4},{"damage":3,"enemies":"Awakened One","floor":50,"turns":11}],"seed_played":"4079752727292989233","potions_obtained":[{"floor":5.0,"key":"GamblersBrew"},{"floor":7.0,"key":"Block Potion"},{"floor":12.0,"key":"FearPotion"},{"floor":13.0,"key":"SkillPotion"}],"is_trial":false,"path_per_floor":["M","?","?","M","M","E","M","E","T","$","M","M","M","E","R","B",null,"M","M","M","M","?","E","R","E","T","E","?","M","$","E","R","B",null,"M","M","M","?","?","E","R","E","T","?","$","R","M","E","R","B",null],"character_chosen":"IRONCLAD","items_purchased":["Battle Trance","Reaper+1","Bag of Preparation","Orichalcum"],"campfire_rested":2,"item_purchase_floors":[10,30,30,45],"current_hp_per_floor":[64,64,69,73,73,38,43,37,37,37,40,46,51,54,54,15,60,48,59,43,36,36,27,55,53,53,43,43,30,30,35,67,44,94,113,115,116,116,116,102,102,103,103,96,96,96,105,99,99,124],"gold":121,"neow_bonus":"THREE_RARE_CARDS","is_prod":false,"is_daily":false,"chose_seed":false,"campfire_upgraded":2,"win_rate":0,"timestamp":1623298362,"path_taken":["M","?","?","M","M","E","M","E","T","?","M","M","M","E","R","BOSS","M","?","M","M","?","E","R","E","T","E","?","M","$","E","R","BOSS","M","M","M","?","?","E","R","E","T","?","?","R","M","E","R","BOSS"],"build_version":"2020-12-22","purchased_purges":3,"victory":true,"max_hp_per_floor":[75,68,73,73,73,73,73,73,73,73,73,73,73,75,75,75,75,78,83,86,91,91,94,94,96,96,102,102,105,105,108,108,111,111,114,119,123,117,117,117,117,119,119,119,119,119,122,124,124,124],"card_choices":[{"not_picked":["Impervious","Reaper"],"picked":"Fiend Fire","floor":0.0},{"not_picked":["Shrug It Off","Flame Barrier"],"picked":"Carnage","floor":1.0},{"not_picked":["Wild Strike","Sword Boomerang"],"picked":"Armaments","floor":4.0},{"not_picked":["Warcry","Headbutt"],"picked":"Spot Weakness","floor":5.0},{"not_picked":["Heavy Blade","Anger"],"picked":"Metallicize","floor":6.0},{"not_picked":["Bludgeon","Battle Trance"],"picked":"Flame Barrier","floor":7.0},{"not_picked":["Cleave","Body Slam"],"picked":"Shrug It Off","floor":8.0},{"not_picked":["Flex","Thunderclap"],"picked":"Anger","floor":11.0},{"not_picked":["Body Slam","True Grit"],"picked":"Uppercut","floor":12.0},{"not_picked":["Dual Wield","True Grit","Fire Breathing"],"picked":"SKIP","floor":13.0},{"not_picked":["Infernal Blade","Headbutt","Shrug It Off"],"picked":"Singing Bowl","floor":14.0},{"not_picked":["Fiend Fire","Immolate"],"picked":"Feed","floor":16.0},{"not_picked":["Searing Blow","Anger"],"picked":"Inflame","floor":18.0},{"not_picked":["Carnage","Rampage","Burning Pact"],"picked":"Singing Bowl","floor":19.0},{"not_picked":["Iron Wave","Dark Embrace"],"picked":"Shockwave","floor":20.0},{"not_picked":["Armaments","Uppercut","Anger+1"],"picked":"Singing Bowl","floor":21.0},{"not_picked":["Flex","Dual Wield"],"picked":"Shrug It Off","floor":23.0},{"not_picked":["Body Slam+1","Armaments","Shockwave"],"picked":"Singing Bowl","floor":25.0},{"not_picked":["Clothesline+1","Juggernaut","Clash+1"],"picked":"Singing Bowl","floor":27},{"not_picked":["Twin Strike+1","Bloodletting"],"picked":"Heavy Blade+1","floor":29},{"not_picked":["Flex","Reaper+1"],"picked":"Disarm","floor":31},{"not_picked":["Bludgeon+1","Double Tap","Barricade"],"picked":"Exhume","floor":33},{"not_picked":["True Grit+1","Shrug It Off","Clothesline+1"],"picked":"Disarm+1","floor":35},{"not_picked":["Dark Embrace+1","Rage+1","Rupture","Dropkick+1"],"picked":"Singing Bowl","floor":36},{"not_picked":["Perfected Strike+1","Thunderclap+1","Twin Strike+1"],"picked":"Shrug It Off+1","floor":37},{"not_picked":["Sentinel+1","Rampage+1","True Grit"],"picked":"Second Wind+1","floor":40},{"not_picked":["Rupture","Spot Weakness","Immolate+1","Cleave+1"],"picked":"Singing Bowl","floor":42},{"not_picked":["True Grit","Clothesline+1","Evolve+1"],"picked":"Armaments+1","floor":44},{"not_picked":["Rampage+1","Combust","Dual Wield"],"picked":"Sword Boomerang+1","floor":47},{"not_picked":["Wild Strike+1","Reckless Charge+1","Evolve+1","Power Through"],"picked":"Singing Bowl","floor":48}],"player_experience":4870051,"relics_obtained":[{"floor":6.0,"key":"Matryoshka"},{"floor":8.0,"key":"Vajra"},{"floor":9.0,"key":"PreservedInsect"},{"floor":9.0,"key":"Happy Flower"},{"floor":14.0,"key":"Singing Bowl"},{"floor":23.0,"key":"Pen Nib"},{"floor":25.0,"key":"Molten Egg 2"},{"floor":26.0,"key":"Ornamental Fan"},{"floor":26.0,"key":"Art of War"},{"floor":27,"key":"Champion Belt"},{"floor":31,"key":"Question Card"},{"floor":40,"key":"Thread and Needle"},{"floor":42,"key":"Potion Belt"},{"floor":43,"key":"Girya"},{"floor":44,"key":"Lizard Tail"},{"floor":48,"key":"StrikeDummy"}],"event_choices":[{"damage_healed":0.0,"max_hp_gain":0.0,"max_hp_loss":7.0,"gold_gain":0.0,"event_name":"Golden Idol","player_choice":"Lose Max HP","floor":2.0,"gold_loss":0.0,"damage_taken":0.0,"relics_obtained":["Golden Idol"]},{"damage_healed":0.0,"max_hp_gain":5.0,"max_hp_loss":0.0,"gold_gain":0.0,"event_name":"Big Fish","player_choice":"Donut","floor":3.0,"gold_loss":0.0,"damage_taken":0.0},{"cards_removed":["Strike_R"],"damage_healed":0.0,"max_hp_gain":0.0,"max_hp_loss":0.0,"gold_gain":0.0,"event_name":"Beggar","player_choice":"Gave Gold","floor":22.0,"gold_loss":75.0,"damage_taken":0.0},{"damage_healed":0,"gold_gain":50,"player_choice":"Stole From Cult","damage_taken":0,"max_hp_gain":0,"max_hp_loss":0,"event_name":"Nest","floor":28,"gold_loss":0},{"damage_healed":0,"gold_gain":0,"player_choice":"Max HP","damage_taken":0,"max_hp_gain":0,"max_hp_loss":6,"event_name":"Winding Halls","floor":38,"gold_loss":0},{"damage_healed":0,"gold_gain":0,"player_choice":"Ignored","damage_taken":0,"max_hp_gain":0,"max_hp_loss":0,"event_name":"Tomb of Lord Red Mask","floor":39,"gold_loss":0},{"damage_healed":0,"gold_gain":0,"player_choice":"Fight","damage_taken":0,"max_hp_gain":0,"max_hp_loss":0,"event_name":"MindBloom","floor":44,"gold_loss":0}],"is_beta":false,"boss_relics":[{"not_picked":["Runic Cube","Pandora\u0027s Box"],"picked":"Sozu"},{"not_picked":["Philosopher\u0027s Stone","Coffee Dripper"],"picked":"Snecko Eye"}],"items_purged_floors":[10,30,45],"is_endless":false,"potions_floor_spawned":[5,7,12,13,14,16,18,20,31,35,36,44],"ascension_level":15}