{"gold_per_floor":[118,49,49,61,81,106,106,131,131,161,161,186,186,43,43,122,122,132,132,132,149,174,206,206,237,263,82,82,98,13,26,26,97,97,109,128,128,142,54,79,79,97,97,131,147,165,199,199,199,199],"floor_reached":51,"playtime":1473,"items_purged":["Strike_R","Infernal Blade","Strike_R+1"],"score":1408,"play_id":"6d374f80-a728-4c24-9a83-d2a514bace4f","local_time":"20210610132943","is_ascension_mode":true,"campfire_choices":[{"floor":7.0,"key":"REST"},{"floor":11.0,"key":"REST"},{"data":"Immolate","floor":13.0,"key":"SMITH"},{"data":"Combust","floor":15.0,"key":"SMITH"},{"data":"Limit Break","floor":24,"key":"SMITH"},{"data":"Demon Form","floor":28,"key":"SMITH"},{"data":"Shockwave","floor":32,"key":"SMITH"},{"data":"Whirlwind","floor":41,"key":"SMITH"},{"floor":49,"key":"REST"}],"neow_cost":"NONE","seed_source_timestamp":17823617294900,"circlet_count":0,"master_deck":["AscendersBane","Strike_R+1","Strike_R+1","Strike_R+1","Defend_R+1","Defend_R+1","Defend_R+1","Defend_R+1","Bash","Shockwave+1","Cleave","Spot Weakness","Pommel Strike","Immolate+1","Heavy Blade","Combust+1","Limit Break+1","Spot Weakness","Whirlwind+1","Demon Form+1","Feed","Impervious","Corruption","Sword Boomerang","Pommel Strike","Metallicize+1","Shrug It Off+1","Evolve","Battle Trance+1"],"special_seed":0,"relics":["Burning Blood","NeowsBlessing","Self Forming Clay","MealTicket","Bronze Scales","Darkstone Periapt","Happy Flower","Orichalcum","Mark of Pain","Tiny Chest","Shovel","Juzu Bracelet","Bag of Preparation","Membership Card","Black Star","Anchor","Potion Belt","InkBottle","Lantern","Akabeko","Regal Pillow","Vajra"],"potions_floor_usage":[23,23,25,29,38,44,47,50,50],"damage_taken":[{"damage":0.0,"enemies":"Cultist","floor":1.0,"turns":1.0},{"damage":0.0,"enemies":"Small Slimes","floor":4.0,"turns":1.0},{"damage":0.0,"enemies":"Jaw Worm","floor":5.0,"turns":1.0},{"damage":56.0,"enemies":"Lagavulin","floor":6.0,"turns":9.0},{"damage":29.0,"enemies":"3 Sentries","floor":8.0,"turns":6.0},{"damage":21.0,"enemies":"Gremlin Nob","floor":10.0,"turns":4.0},{"damage":22.0,"enemies":"3 Sentries","floor":12.0,"turns":3.0},{"damage":24.0,"enemies":"Slime Boss","floor":16.0,"turns":5.0},{"damage":5.0,"enemies":"Spheric Guardian","floor":18.0,"turns":3.0},{"damage":6.0,"enemies":"Chosen","floor":21.0,"turns":3.0},{"damage":0,"enemies":"Slavers","floor":23,"turns":1},{"damage":19,"enemies":"Gremlin Leader","floor":25,"turns":5},{"damage":11,"enemies":"Sentry and Sphere","floor":29,"turns":4},{"damage":21,"enemies":"Shelled Parasite and Fungi","floor":31,"turns":3},{"damage":31,"enemies":"Collector","floor":33,"turns":6},{"damage":5,"enemies":"3 Shapes","floor":35,"turns":3},{"damage":10,"enemies":"Orb Walker","floor":36,"turns":4},{"damage":3,"enemies":"Transient","floor":38,"turns":5},{"damage":30,"enemies":"Nemesis","floor":40,"turns":5},{"damage":35,"enemies":"Jaw Worm Horde","floor":42,"turns":4},{"damage":36,"enemies":"Reptomancer","floor":44,"turns":6},{"damage":3,"enemies":"Spire Growth","floor":45,"turns":3},{"damage":0,"enemies":"Sphere and 2 Shapes","floor":46,"turns":1},{"damage":24,"enemies":"Nemesis","floor":47,"turns":7},{"damage":50,"enemies":"Donu and Deca","floor":50,"turns":6}],"seed_played":"-1315666594742176416","potions_obtained":[{"floor":5.0,"key":"Swift Potion"},{"floor":6.0,"key":"DistilledChaos"},{"floor":10.0,"key":"BlessingOfTheForge"},{"floor":18.0,"key":"SkillPotion"},{"floor":23,"key":"LiquidMemories"},{"floor":25,"key":"Fire Potion"},{"floor":33,"key":"Swift Potion"},{"floor":35,"key":"SneckoOil"},{"floor":40,"key":"Fire Potion"},{"floor":45,"key":"Energy Potion"},{"floor":46,"key":"GamblersBrew"}],"is_trial":false,"path_per_floor":["M","$","?","M","M","E","R","E","T","E","R","E","R","$","R","B",null,"M","?","?","M","T","E","R","E","T","$","R","M","$","M","R","B",null,"M","M","?","M","$","E","R","M","T","E","M","M","E","?","R","B",null],"character_chosen":"IRONCLAD","items_purchased":["Whirlwind","Combust","Membership Card","BloodPotion","Impervious","PowerPotion"],"campfire_rested":3,"item_purchase_floors":[2,14,27,27,30,39],"current_hp_per_floor":[74,74,74,75,75,25,47,24,24,9,31,15,15,30,30,12,59,60,60,60,60,60,66,66,53,53,68,68,66,78,63,63,38,68,72,71,71,74,80,56,56,27,27,16,19,25,10,10,50,9],"gold":199,"neow_bonus":"THREE_ENEMY_KILL","is_prod":false,"is_daily":false,"chose_seed":false,"campfire_upgraded":6,"win_rate":0,"timestamp":1623356983,"path_taken":["M","$","?","?","M","E","R","E","T","E","R","E","R","$","R","BOSS","M","?","?","?","?","E","R","E","T","?","R","M","$","M","R","BOSS","M","M","?","M","$","E","R","M","T","E","M","M","E","?","R","BOSS"],"build_version":"2020-12-22","purchased_purges":3,"victory":true,"max_hp_per_floor":[75,75,75,75,75,75,75,75,75,75,75,75,75,75,75,75,75,75,75,75,75,75,75,75,75,75,75,75,78,78,78,78,78,78,81,84,80,80,80,80,80,80,80,83,83,83,86,86,86,89],"card_choices":[{"not_picked":["Armaments","Shrug It Off"],"picked":"Shockwave","floor":1.0},{"not_picked":["Warcry","Reckless Charge"],"picked":"Infernal Blade","floor":4.0},{"not_picked":["Twin Strike","Disarm"],"picked":"Cleave","floor":5.0},{"not_picked":["Pummel","Fiend Fire"],"picked":"Spot Weakness","floor":6.0},{"not_picked":["Body Slam","Flex"],"picked":"Pommel Strike","floor":8.0},{"not_picked":["Clothesline","Shrug It Off"],"picked":"Immolate","floor":10.0},{"not_picked":["Clash","Uppercut"],"picked":"Heavy Blade","floor":12.0},{"not_picked":["Barricade","Exhume"],"picked":"Limit Break","floor":16.0},{"not_picked":["Warcry","Wild Strike"],"picked":"Spot Weakness","floor":18.0},{"not_picked":["Perfected Strike","Twin Strike"],"picked":"Whirlwind","floor":21.0},{"not_picked":["Body Slam","Anger"],"picked":"Demon Form","floor":23},{"not_picked":["Iron Wave","Anger"],"picked":"Feed","floor":25},{"not_picked":["Pommel Strike","Sentinel+1","Anger"],"picked":"SKIP","floor":29},{"not_picked":["Dark Embrace","Clash","Infernal Blade"],"picked":"SKIP","floor":31},{"not_picked":["Bludgeon","Berserk"],"picked":"Corruption","floor":33},{"not_picked":["Heavy Blade","Ghostly Armor"],"picked":"Sword Boomerang","floor":35},{"not_picked":["Warcry","Heavy Blade+1","Cleave"],"picked":"SKIP","floor":36},{"not_picked":["Hemokinesis","Wild Strike+1","Corruption"],"picked":"SKIP","floor":38},{"not_picked":["Pommel Strike","Heavy Blade","Searing Blow"],"picked":"SKIP","floor":40},{"not_picked":["Heavy Blade","Searing Blow"],"picked":"Pommel Strike","floor":40},{"not_picked":["Spot Weakness","Body Slam","Dark Embrace"],"picked":"SKIP","floor":42},{"not_picked":["Sever Soul","Flex"],"picked":"Metallicize+1","floor":44},{"not_picked":["Combust","Wild Strike"],"picked":"Shrug It Off","floor":45},{"not_picked":["Pommel Strike+1","Wild Strike+1"],"picked":"Evolve","floor":46},{"not_picked":["Body Slam","Disarm"],"picked":"Battle Trance+1","floor":47}],"player_experience":4875200,"relics_obtained":[{"floor":6.0,"key":"MealTicket"},{"floor":8.0,"key":"Bronze Scales"},{"floor":9.0,"key":"Darkstone Periapt"},{"floor":10.0,"key":"Happy Flower"},{"floor":12.0,"key":"Orichalcum"},{"floor":22.0,"key":"Tiny Chest"},{"floor":23,"key":"Shovel"},{"floor":25,"key":"Juzu Bracelet"},{"floor":26,"key":"Bag of Preparation"},{"floor":40,"key":"Anchor"},{"floor":40,"key":"Potion Belt"},{"floor":43,"key":"InkBottle"},{"floor":44,"key":"Lantern"},{"floor":44,"key":"Akabeko"},{"floor":47,"key":"Regal Pillow"},{"floor":47,"key":"Vajra"}],"event_choices":[{"cards_removed":["Whirlwind"],"damage_healed":0.0,"max_hp_gain":0.0,"max_hp_loss":0.0,"gold_gain":0.0,"event_name":"WeMeetAgain","player_choice":"Gave Card","floor":3.0,"gold_loss":0.0,"damage_taken":0.0,"relics_obtained":["Self Forming Clay"]},{"damage_healed":0.0,"max_hp_gain":0.0,"max_hp_loss":0.0,"gold_gain":0.0,"event_name":"Back to Basics","player_choice":"Simplicity","floor":19.0,"gold_loss":0.0,"damage_taken":0.0,"cards_upgraded":["Strike_R","Strike_R","Strike_R","Strike_R","Defend_R","Defend_R","Defend_R","Defend_R"]},{"damage_healed":0.0,"max_hp_gain":0.0,"max_hp_loss":0.0,"gold_gain":0.0,"event_name":"N\u0027loth","player_choice":"Ignored","floor":20.0,"gold_loss":0.0,"damage_taken":0.0},{"damage_healed":0,"gold_gain":0,"player_choice":"Max HP","damage_taken":0,"max_hp_gain":0,"max_hp_loss":4,"event_name":"Winding Halls","floor":37,"gold_loss":0},{"damage_healed":0,"gold_gain":0,"player_choice":"Forge","damage_taken":0,"max_hp_gain":0,"max_hp_loss":0,"event_name":"Accursed Blacksmith","floor":48,"gold_loss":0,"cards_upgraded":["Shrug It Off"]}],"is_beta":false,"boss_relics":[{"not_picked":["SacredBark","Runic Pyramid"],"picked":"Mark of Pain"},{"not_picked":["SlaversCollar","Velvet Choker"],"picked":"Black Star"}],"items_purged_floors":[14,30,39],"is_endless":false,"potions_floor_spawned":[5,6,10,18,23,25,33,35,40,45,46],"ascension_level":15}