{"gold_per_floor":[110,110,126,139,1,35,35,68,68,79,98,98,111,137,137,210,210,223,241,516,529,542,542,571,418,418,418,3,17,42,60,60,136,136,149,149,164,39,57,57,90,90,90,90,142,174,191,201,201,201],"floor_reached":50,"playtime":1900,"items_purged":["Strike_R","Strike_R","Strike_R"],"score":1031,"play_id":"6c1638ff-d283-4520-8105-833d9b6864d0","local_time":"20210611183209","is_ascension_mode":true,"campfire_choices":[{"floor":7.0,"key":"REST"},{"data":"Bash","floor":12.0,"key":"SMITH"},{"data":"Fire Breathing","floor":15.0,"key":"SMITH"},{"data":"Spot Weakness","floor":23.0,"key":"SMITH"},{"data":"1","floor":27.0,"key":"LIFT"},{"data":"Rupture","floor":32.0,"key":"SMITH"},{"data":"Limit Break","floor":40.0,"key":"SMITH"},{"data":"2","floor":42.0,"key":"LIFT"},{"data":"3","floor":44.0,"key":"LIFT"},{"floor":49.0,"key":"REST"}],"neow_cost":"NONE","seed_source_timestamp":34349294348099,"circlet_count":0,"master_deck":["AscendersBane","Strike_R","Strike_R","Defend_R+1","Defend_R","Defend_R+1","Defend_R","Bash+1","Sword Boomerang","Fire Breathing+1","Carnage","Offering","Rupture+1","Iron Wave","Flame Barrier","Anger","Spot Weakness+1","Power Through","Impervious","Metallicize","Heavy Blade","Reaper","Combust+1","Burning Pact+1","Limit Break+1","Headbutt","Feel No Pain","Evolve+1","Shrug It Off"],"special_seed":0,"relics":["Burning Blood","Omamori","Pear","Calipers","Torii","Du-Vu Doll","Velvet Choker","War Paint","Girya","Mummified Hand","Tiny Chest","SacredBark","Anchor","Gambling Chip","Peace Pipe","Shuriken"],"potions_floor_usage":[50],"damage_taken":[{"damage":8.0,"enemies":"Small Slimes","floor":1.0,"turns":4.0},{"damage":7.0,"enemies":"2 Louse","floor":3.0,"turns":3.0},{"damage":11.0,"enemies":"Cultist","floor":4.0,"turns":4.0},{"damage":36.0,"enemies":"Lagavulin","floor":6.0,"turns":5.0},{"damage":24.0,"enemies":"Gremlin Nob","floor":8.0,"turns":3.0},{"damage":2.0,"enemies":"3 Louse","floor":10.0,"turns":5.0},{"damage":12.0,"enemies":"Exordium Thugs","floor":11.0,"turns":4.0},{"damage":1.0,"enemies":"2 Fungi Beasts","floor":13.0,"turns":3.0},{"damage":17.0,"enemies":"3 Sentries","floor":14.0,"turns":5.0},{"damage":22.0,"enemies":"Hexaghost","floor":16.0,"turns":9.0},{"damage":6.0,"enemies":"Chosen","floor":18.0,"turns":4.0},{"damage":1.0,"enemies":"Shell Parasite","floor":19.0,"turns":5.0},{"damage":6.0,"enemies":"Centurion and Healer","floor":21.0,"turns":5.0},{"damage":17.0,"enemies":"Snecko","floor":22.0,"turns":5.0},{"damage":39.0,"enemies":"Slavers","floor":24.0,"turns":6.0},{"damage":0.0,"enemies":"Chosen and Byrds","floor":29.0,"turns":5.0},{"damage":28.0,"enemies":"Gremlin Leader","floor":30.0,"turns":5.0},{"damage":4.0,"enemies":"Cultist and Chosen","floor":31.0,"turns":4.0},{"damage":53.0,"enemies":"Champ","floor":33.0,"turns":7.0},{"damage":59.0,"enemies":"3 Darklings","floor":35.0,"turns":6.0},{"damage":6.0,"enemies":"Orb Walker","floor":37.0,"turns":2.0},{"damage":5.0,"enemies":"Transient","floor":39.0,"turns":5.0},{"damage":46.0,"enemies":"Nemesis","floor":41.0,"turns":7.0},{"damage":14.0,"enemies":"2 Orb Walkers","floor":45.0,"turns":3.0},{"damage":37.0,"enemies":"Reptomancer","floor":46.0,"turns":6.0},{"damage":38.0,"enemies":"Writhing Mass","floor":47.0,"turns":6.0},{"damage":36.0,"enemies":"Maw","floor":48.0,"turns":6.0},{"damage":45,"enemies":"Time Eater","floor":50,"turns":3}],"seed_played":"4595145892889687052","potions_obtained":[{"floor":1.0,"key":"Weak Potion"},{"floor":6.0,"key":"SteroidPotion"},{"floor":14.0,"key":"GamblersBrew"},{"floor":16.0,"key":"Block Potion"},{"floor":18.0,"key":"Fruit Juice"},{"floor":19.0,"key":"Ancient Potion"},{"floor":30.0,"key":"Dexterity Potion"},{"floor":31.0,"key":"Block Potion"},{"floor":39.0,"key":"SkillPotion"},{"floor":41.0,"key":"SneckoOil"},{"floor":48.0,"key":"Weak Potion"}],"is_trial":false,"path_per_floor":["M","?","M","M","$","E","R","E","T","M","M","R","M","E","R","B",null,"M","M","?","M","M","R","E","$","T","R","$","M","E","M","R","B",null,"M","?","M","$","M","R","E","R","T","R","?","E","M","M","R","B"],"character_chosen":"IRONCLAD","items_purchased":["Offering","Rupture","DistilledChaos","Mummified Hand","Reaper"],"campfire_rested":2,"item_purchase_floors":[5,5,25,28,28],"current_hp_per_floor":[66,66,65,60,60,40,65,47,47,51,45,45,50,39,39,23,70,70,80,80,80,69,69,36,36,36,36,36,48,67,83,83,56,82,75,75,75,75,90,90,50,50,50,50,62,67,35,18,45,0],"gold":201,"neow_bonus":"RANDOM_COMMON_RELIC","is_prod":false,"is_daily":false,"chose_seed":false,"campfire_upgraded":5,"win_rate":0,"timestamp":1623461529,"path_taken":["M","?","M","M","$","E","R","E","T","M","M","R","M","E","R","BOSS","M","M","?","?","M","R","E","$","T","R","$","M","E","M","R","BOSS","M","?","M","?","M","R","E","R","T","R","?","E","M","M","R","BOSS"],"build_version":"2020-12-22","purchased_purges":3,"victory":false,"max_hp_per_floor":[75,75,75,75,75,85,85,85,85,85,85,85,85,85,85,85,85,85,90,90,90,90,90,90,90,90,90,90,90,90,90,90,90,90,90,90,90,90,90,90,90,90,90,90,90,90,90,90,90,90],"card_choices":[{"not_picked":["Searing Blow","Seeing Red"],"picked":"Sword Boomerang","floor":1.0},{"not_picked":["Evolve","Heavy Blade"],"picked":"Fire Breathing","floor":3.0},{"not_picked":["Clothesline","True Grit"],"picked":"Carnage","floor":4.0},{"not_picked":["Brutality","Seeing Red"],"picked":"Iron Wave","floor":6.0},{"not_picked":["Rampage","Thunderclap"],"picked":"Flame Barrier","floor":8.0},{"not_picked":["True Grit","Clash"],"picked":"Anger","floor":10.0},{"not_picked":["Sword Boomerang","Intimidate"],"picked":"Spot Weakness","floor":11.0},{"not_picked":["Perfected Strike","Wild Strike","Spot Weakness"],"picked":"SKIP","floor":13.0},{"not_picked":["Pommel Strike","Havoc"],"picked":"Power Through","floor":14.0},{"not_picked":["Exhume","Berserk"],"picked":"Impervious","floor":16.0},{"not_picked":["Sever Soul+1","Cleave"],"picked":"Metallicize","floor":18.0},{"not_picked":["Headbutt","Clothesline","Rupture"],"picked":"SKIP","floor":19.0},{"not_picked":["Headbutt","Clothesline","Rupture"],"picked":"SKIP","floor":19.0},{"not_picked":["Perfected Strike","Wild Strike+1"],"picked":"Heavy Blade","floor":21.0},{"not_picked":["Armaments","Bludgeon","Blood for Blood"],"picked":"SKIP","floor":22.0},{"not_picked":["Fire Breathing","Thunderclap","Sword Boomerang"],"picked":"SKIP","floor":24.0},{"not_picked":["Disarm","Uppercut"],"picked":"Combust+1","floor":29.0},{"not_picked":["Infernal Blade","Armaments","Dual Wield"],"picked":"SKIP","floor":30.0},{"not_picked":["Ghostly Armor","Anger"],"picked":"Burning Pact+1","floor":31.0},{"not_picked":["Reaper","Barricade"],"picked":"Limit Break","floor":33.0},{"not_picked":["Body Slam","Sentinel+1","Perfected Strike"],"picked":"SKIP","floor":35.0},{"not_picked":["Clash","Thunderclap"],"picked":"Headbutt","floor":37.0},{"not_picked":["Sentinel","Power Through"],"picked":"Feel No Pain","floor":39.0},{"not_picked":["Carnage","Flex","Rampage"],"picked":"SKIP","floor":41.0},{"not_picked":["Wild Strike","Pommel Strike"],"picked":"Evolve+1","floor":45.0},{"not_picked":["Heavy Blade","Anger+1","Thunderclap"],"picked":"SKIP","floor":46.0},{"not_picked":["Cleave","Perfected Strike"],"picked":"Shrug It Off","floor":47.0},{"not_picked":["Headbutt+1","Berserk","Armaments"],"picked":"SKIP","floor":48.0}],"player_experience":4878217,"relics_obtained":[{"floor":6.0,"key":"Pear"},{"floor":8.0,"key":"Calipers"},{"floor":9.0,"key":"Torii"},{"floor":14.0,"key":"Du-Vu Doll"},{"floor":24.0,"key":"War Paint"},{"floor":26.0,"key":"Girya"},{"floor":30.0,"key":"Tiny Chest"},{"floor":41.0,"key":"Anchor"},{"floor":43.0,"key":"Gambling Chip"},{"floor":45.0,"key":"Peace Pipe"},{"floor":46.0,"key":"Shuriken"}],"event_choices":[{"damage_healed":0.0,"max_hp_gain":0.0,"max_hp_loss":0.0,"gold_gain":0.0,"event_name":"The Cleric","player_choice":"Leave","floor":2.0,"gold_loss":0.0,"damage_taken":0.0},{"damage_healed":0.0,"max_hp_gain":0.0,"max_hp_loss":0.0,"gold_gain":275.0,"event_name":"Golden Shrine","player_choice":"Desecrate","floor":20.0,"gold_loss":0.0,"damage_taken":0.0,"cards_obtained":["Regret"]},{"damage_healed":0.0,"max_hp_gain":0.0,"max_hp_loss":0.0,"gold_gain":0.0,"event_name":"Tomb of Lord Red Mask","player_choice":"Ignored","floor":36.0,"gold_loss":0.0,"damage_taken":0.0},{"damage_healed":0.0,"max_hp_gain":0.0,"max_hp_loss":0.0,"gold_gain":0.0,"event_name":"Mysterious Sphere","player_choice":"Fight","floor":45.0,"gold_loss":0.0,"damage_taken":0.0}],"is_beta":false,"boss_relics":[{"not_picked":["Coffee Dripper","Pandora\u0027s Box"],"picked":"Velvet Choker"},{"not_picked":["Philosopher\u0027s Stone","Mark of Pain"],"picked":"SacredBark"}],"items_purged_floors":[25,28,38],"is_endless":false,"potions_floor_spawned":[1,6,14,16,18,19,30,31,39,41,48],"killed_by":"Time Eater","ascension_level":15}