{"gold_per_floor":[114,134,150,166,166,166,197,197,197,226,226,206,223,251,251,326,326,339,52,62,79,92,119,119,119,173,173,199,214,243,258,258,336,336,352,302,302,1,20,50,61,88,168,183,209,209,240,256,256,256],"floor_reached":51,"playtime":2032,"items_purged":["Strike_R","Strike_R+1","Strike_R+1"],"score":1626,"play_id":"15bb291a-210a-4816-97eb-bce3752ee6ea","local_time":"20210721215053","is_ascension_mode":true,"campfire_choices":[{"data":"Blood for Blood","floor":6.0,"key":"SMITH"},{"data":"Flame Barrier","floor":15.0,"key":"SMITH"},{"data":"Spot Weakness","floor":24.0,"key":"SMITH"},{"floor":27.0,"key":"REST"},{"data":"Rupture","floor":32,"key":"SMITH"},{"data":"Shockwave","floor":49,"key":"SMITH"}],"neow_cost":"NONE","seed_source_timestamp":295986153168300,"circlet_count":0,"master_deck":["AscendersBane","Strike_R+1","Defend_R+1","Defend_R+1","Defend_R+1","Defend_R+1","Bash+1","Hemokinesis","Blood for Blood+1","Flame Barrier+1","Thunderclap","Power Through","Anger","Uppercut+1","Feed+1","Cleave+1","Spot Weakness+1","Offering","Sword Boomerang+1","Rupture+1","Shrug It Off+1","Reaper+1","Whirlwind+1","Impervious","Dark Shackles","Shockwave+1","Heavy Blade+1","Headbutt+1","Hemokinesis+1"],"special_seed":0,"relics":["Burning Blood","Happy Flower","Self Forming Clay","Smiling Mask","Unceasing Top","Molten Egg 2","Velvet Choker","Anchor","Art of War","Centennial Puzzle","Akabeko","SacredBark","Bottled Lightning","Thread and Needle","Shovel","Bottled Flame","The Courier","Blue Candle"],"potions_floor_usage":[35,50,50],"damage_taken":[{"damage":0.0,"enemies":"Small Slimes","floor":1.0,"turns":4.0},{"damage":2.0,"enemies":"Cultist","floor":2.0,"turns":2.0},{"damage":3.0,"enemies":"2 Louse","floor":3.0,"turns":2.0},{"damage":3.0,"enemies":"2 Fungi Beasts","floor":4.0,"turns":4.0},{"damage":20.0,"enemies":"3 Sentries","floor":7.0,"turns":8.0},{"damage":14.0,"enemies":"Lagavulin","floor":10.0,"turns":6.0},{"damage":4.0,"enemies":"3 Louse","floor":13.0,"turns":4.0},{"damage":5.0,"enemies":"Gremlin Nob","floor":14.0,"turns":3.0},{"damage":13.0,"enemies":"Hexaghost","floor":16.0,"turns":8.0},{"damage":2.0,"enemies":"Chosen","floor":18.0,"turns":5.0},{"damage":0.0,"enemies":"3 Byrds","floor":20.0,"turns":3.0},{"damage":8.0,"enemies":"3 Cultists","floor":21.0,"turns":3.0},{"damage":20.0,"enemies":"Snecko","floor":22.0,"turns":4.0},{"damage":15.0,"enemies":"Book of Stabbing","floor":23.0,"turns":3.0},{"damage":13.0,"enemies":"Slavers","floor":28.0,"turns":4.0},{"damage":2.0,"enemies":"Snake Plant","floor":29.0,"turns":2.0},{"damage":12,"enemies":"Book of Stabbing","floor":30,"turns":3},{"damage":10,"enemies":"Cultist and Chosen","floor":31,"turns":3},{"damage":80,"enemies":"Champ","floor":33,"turns":10},{"damage":0,"enemies":"Orb Walker","floor":35,"turns":1},{"damage":8,"enemies":"3 Shapes","floor":39,"turns":4},{"damage":21,"enemies":"Nemesis","floor":40,"turns":5},{"damage":23,"enemies":"Jaw Worm Horde","floor":41,"turns":3},{"damage":8,"enemies":"Reptomancer","floor":42,"turns":5},{"damage":8,"enemies":"Sphere and 2 Shapes","floor":44,"turns":4},{"damage":38,"enemies":"Giant Head","floor":45,"turns":8},{"damage":6,"enemies":"Reptomancer","floor":47,"turns":4},{"damage":8,"enemies":"4 Shapes","floor":48,"turns":4},{"damage":54,"enemies":"Awakened One","floor":50,"turns":10}],"seed_played":"2138957059412582935","potions_obtained":[{"floor":3.0,"key":"DistilledChaos"},{"floor":4.0,"key":"SmokeBomb"},{"floor":7.0,"key":"SteroidPotion"},{"floor":12.0,"key":"Swift Potion"},{"floor":16.0,"key":"AttackPotion"},{"floor":28.0,"key":"ColorlessPotion"},{"floor":42,"key":"FearPotion"},{"floor":48,"key":"Weak Potion"}],"is_trial":false,"path_per_floor":["M","M","M","M","?","R","E","?","T","E","?","?","M","E","R","B",null,"M","$","M","M","M","E","R","?","T","R","E","M","E","M","R","B",null,"M","$","?","$","M","E","M","E","T","M","E","?","E","M","R","B",null],"character_chosen":"IRONCLAD","items_purchased":["Spot Weakness","Offering","Bottled Lightning"],"campfire_rested":1,"item_purchase_floors":[19,19,38],"current_hp_per_floor":[74,75,75,75,80,80,66,55,55,47,40,40,42,43,43,36,69,73,73,79,77,67,58,58,58,58,83,80,88,82,91,91,36,81,91,91,91,91,93,78,79,97,97,116,109,109,113,122,122,87],"gold":256,"neow_bonus":"UPGRADE_CARD","is_prod":false,"is_daily":false,"chose_seed":false,"campfire_upgraded":5,"win_rate":0,"timestamp":1626929453,"path_taken":["M","M","M","M","?","R","E","?","T","E","?","?","M","E","R","BOSS","M","?","M","M","M","E","R","?","T","R","E","M","E","M","R","BOSS","M","$","?","$","M","E","M","E","T","M","E","?","E","M","R","BOSS"],"build_version":"2020-12-22","purchased_purges":3,"victory":true,"max_hp_per_floor":[75,75,75,75,80,80,80,80,80,80,80,80,80,80,80,80,80,80,80,80,80,84,84,84,84,84,84,88,92,92,96,96,96,96,100,100,100,100,104,104,108,112,112,116,120,114,118,122,122,122],"card_choices":[{"not_picked":["Shrug It Off","Burning Pact"],"picked":"Hemokinesis","floor":1.0},{"not_picked":["Shrug It Off","True Grit"],"picked":"Blood for Blood","floor":2.0},{"not_picked":["Body Slam","Armaments"],"picked":"Flame Barrier","floor":3.0},{"not_picked":["Warcry","Sentinel","Dark Embrace"],"picked":"SKIP","floor":4.0},{"not_picked":["Fire Breathing","Rage"],"picked":"Thunderclap","floor":7.0},{"not_picked":["Pommel Strike","Havoc"],"picked":"Power Through","floor":10.0},{"not_picked":["Burning Pact","Rage"],"picked":"Anger","floor":13.0},{"not_picked":["Shrug It Off","Headbutt+1"],"picked":"Uppercut+1","floor":14.0},{"not_picked":["Demon Form","Double Tap"],"picked":"Feed+1","floor":16.0},{"not_picked":["Wild Strike+1","Havoc"],"picked":"Cleave+1","floor":18.0},{"not_picked":["Twin Strike+1","True Grit"],"picked":"Sword Boomerang+1","floor":20.0},{"not_picked":["Sword Boomerang+1","Clash+1","Feed+1"],"picked":"SKIP","floor":21.0},{"not_picked":["Searing Blow+1","Warcry","True Grit"],"picked":"SKIP","floor":22.0},{"not_picked":["Sentinel+1","Cleave+1","Perfected Strike+1"],"picked":"SKIP","floor":23.0},{"not_picked":["Headbutt+1","Entrench"],"picked":"Rupture","floor":28.0},{"not_picked":["Perfected Strike+1","Pommel Strike+1"],"picked":"Shrug It Off+1","floor":29.0},{"not_picked":["Inflame","Uppercut+1"],"picked":"Reaper+1","floor":30},{"not_picked":["Reckless Charge+1","Pommel Strike+1"],"picked":"Whirlwind+1","floor":31},{"not_picked":["Immolate+1","Feed+1"],"picked":"Impervious","floor":33},{"not_picked":["Rupture+1","Rampage+1","Headbutt+1"],"picked":"SKIP","floor":35},{"not_picked":["Deep Breath","HandOfGreed+1"],"picked":"Dark Shackles","floor":37},{"not_picked":["Inflame","Twin Strike+1","Shockwave"],"picked":"SKIP","floor":39},{"not_picked":["Inflame","Twin Strike+1"],"picked":"Shockwave","floor":39},{"not_picked":["Cleave+1","Iron Wave+1","Uppercut+1"],"picked":"SKIP","floor":40},{"not_picked":["Bloodletting","Wild Strike+1","Clash+1"],"picked":"SKIP","floor":41},{"not_picked":["Bloodletting","Clash+1","True Grit"],"picked":"SKIP","floor":42},{"not_picked":["Shrug It Off","Wild Strike+1","Rage"],"picked":"SKIP","floor":44},{"not_picked":["Second Wind","Double Tap"],"picked":"Heavy Blade+1","floor":45},{"not_picked":["Offering","Thunderclap+1"],"picked":"Headbutt+1","floor":47},{"not_picked":["Sentinel","Anger+1"],"picked":"Hemokinesis+1","floor":48}],"player_experience":4908890,"relics_obtained":[{"floor":7.0,"key":"Happy Flower"},{"floor":9.0,"key":"Smiling Mask"},{"floor":10.0,"key":"Unceasing Top"},{"floor":14.0,"key":"Molten Egg 2"},{"floor":23.0,"key":"Anchor"},{"floor":26.0,"key":"Art of War"},{"floor":28.0,"key":"Centennial Puzzle"},{"floor":30,"key":"Akabeko"},{"floor":40,"key":"Thread and Needle"},{"floor":42,"key":"Shovel"},{"floor":43,"key":"Bottled Flame"},{"floor":45,"key":"The Courier"},{"floor":47,"key":"Blue Candle"}],"event_choices":[{"damage_healed":0.0,"max_hp_gain":5.0,"max_hp_loss":0.0,"gold_gain":0.0,"event_name":"Big Fish","player_choice":"Donut","floor":5.0,"gold_loss":0.0,"damage_taken":0.0},{"damage_healed":0.0,"max_hp_gain":0.0,"max_hp_loss":0.0,"gold_gain":0.0,"event_name":"Scrap Ooze","player_choice":"Success","floor":8.0,"gold_loss":0.0,"damage_taken":11.0,"relics_obtained":["Self Forming Clay"]},{"cards_removed":["Strike_R"],"damage_healed":0.0,"max_hp_gain":0.0,"max_hp_loss":0.0,"gold_gain":0.0,"event_name":"Golden Wing","player_choice":"Card Removal","floor":11.0,"gold_loss":0.0,"damage_taken":7.0},{"damage_healed":0.0,"max_hp_gain":0.0,"max_hp_loss":0.0,"gold_gain":0.0,"event_name":"The Woman in Blue","player_choice":"Bought 1 Potion","floor":12.0,"gold_loss":0.0,"damage_taken":0.0},{"damage_healed":0.0,"max_hp_gain":0.0,"max_hp_loss":0.0,"gold_gain":0.0,"event_name":"Back to Basics","player_choice":"Simplicity","floor":25.0,"gold_loss":0.0,"damage_taken":0.0,"cards_upgraded":["Strike_R","Strike_R","Strike_R","Defend_R","Defend_R","Defend_R","Defend_R"]},{"damage_healed":0,"gold_gain":0,"player_choice":"Memory 1","damage_taken":0,"max_hp_gain":0,"max_hp_loss":0,"event_name":"SensoryStone","floor":37,"gold_loss":0},{"damage_healed":0,"gold_gain":0,"player_choice":"Max HP","damage_taken":0,"max_hp_gain":0,"max_hp_loss":6,"event_name":"Winding Halls","floor":46,"gold_loss":0}],"is_beta":false,"boss_relics":[{"not_picked":["Runic Cube","Ectoplasm"],"picked":"Velvet Choker"},{"not_picked":["Busted Crown","Runic Dome"],"picked":"SacredBark"}],"items_purged_floors":[19,36,38],"is_endless":false,"potions_floor_spawned":[3,4,7,14,16,20,21,28,31,33,42,44,48],"ascension_level":15}