{"gold_per_floor":[12,27,38,38,63,63,94,106,157,185,185,212,212,232,232,307,307,327,327,327],"floor_reached":20,"playtime":800,"items_purged":[],"score":361,"play_id":"3fa1ab55-0921-4097-8fcc-23e62ee53631","local_time":"20220109173130","is_ascension_mode":true,"campfire_choices":[{"floor":11,"key":"REST"},{"data":"Bash","floor":13,"key":"SMITH"},{"data":"Inflame","floor":15,"key":"SMITH"}],"neow_cost":"NO_GOLD","seed_source_timestamp":550500732810899,"circlet_count":0,"master_deck":["AscendersBane","Strike_R","Strike_R","Strike_R","Strike_R","Defend_R","Defend_R","Defend_R","Defend_R","Bash+1","Double Tap","Heavy Blade","Pommel Strike","Feed","True Grit","Whirlwind","Offering","Inflame+1","Corruption","Headbutt"],"special_seed":0,"relics":["Burning Blood","Nunchaku","PreservedInsect","Regal Pillow","Anchor","Incense Burner","InkBottle","Snecko Eye"],"potions_floor_usage":[7,12],"damage_taken":[{"damage":12.0,"enemies":"Jaw Worm","floor":1.0,"turns":3.0},{"damage":8.0,"enemies":"2 Louse","floor":2.0,"turns":4.0},{"damage":7.0,"enemies":"Small Slimes","floor":3.0,"turns":3.0},{"damage":30,"enemies":"Lagavulin","floor":7,"turns":6},{"damage":10,"enemies":"Looter","floor":8,"turns":5},{"damage":16,"enemies":"Gremlin Nob","floor":10,"turns":3},{"damage":8,"enemies":"Lagavulin","floor":12,"turns":6},{"damage":3,"enemies":"3 Louse","floor":14,"turns":5},{"damage":38,"enemies":"The Guardian","floor":16,"turns":10},{"damage":16,"enemies":"3 Byrds","floor":18,"turns":5},{"damage":46,"enemies":"Masked Bandits","floor":20,"turns":3}],"seed_played":"4320572623962759908","potions_obtained":[{"floor":1.0,"key":"AttackPotion"},{"floor":2.0,"key":"Explosive Potion"},{"floor":12,"key":"Regen Potion"},{"floor":14,"key":"HeartOfIron"}],"is_trial":false,"path_per_floor":["M","M","M","?","T","?","E","M","T","E","R","E","R","M","R","B",null,"M","?","?"],"character_chosen":"IRONCLAD","items_purchased":[],"campfire_rested":1,"item_purchase_floors":[],"current_hp_per_floor":[62,60,59,54,54,47,23,19,19,9,46,47,47,53,53,24,69,62,37,0],"gold":327,"neow_bonus":"THREE_RARE_CARDS","is_prod":false,"is_daily":false,"chose_seed":false,"campfire_upgraded":2,"win_rate":0,"timestamp":1641778290,"path_taken":["M","M","M","?","?","?","E","M","T","E","R","E","R","M","R","BOSS","M","?","?"],"build_version":"2020-12-22","purchased_purges":0,"victory":false,"max_hp_per_floor":[75,75,75,75,75,75,75,75,75,75,75,78,78,81,81,84,84,87,92,95],"card_choices":[{"not_picked":["Barricade","Exhume"],"picked":"Double Tap","floor":0.0},{"not_picked":["Power Through","Combust"],"picked":"Heavy Blade","floor":1.0},{"not_picked":["Sever Soul","Havoc"],"picked":"Pommel Strike","floor":2.0},{"not_picked":["Dropkick","Flex"],"picked":"Feed","floor":3.0},{"not_picked":["Burning Pact","Wild Strike"],"picked":"True Grit","floor":7},{"not_picked":["Entrench","Twin Strike"],"picked":"Whirlwind","floor":8},{"not_picked":["Havoc","Wild Strike","Warcry"],"picked":"SKIP","floor":10},{"not_picked":["Impervious","Second Wind"],"picked":"Offering","floor":12},{"not_picked":["Cleave","Flame Barrier"],"picked":"Inflame","floor":14},{"not_picked":["Bludgeon","Demon Form"],"picked":"Corruption","floor":16},{"not_picked":["Anger","Perfected Strike"],"picked":"Headbutt","floor":18}],"player_experience":5029621,"relics_obtained":[{"floor":5.0,"key":"PreservedInsect"},{"floor":7,"key":"Regal Pillow"},{"floor":9,"key":"Anchor"},{"floor":10,"key":"Incense Burner"},{"floor":12,"key":"InkBottle"}],"event_choices":[{"damage_healed":0.0,"max_hp_gain":0.0,"max_hp_loss":0.0,"gold_gain":0.0,"event_name":"Scrap Ooze","player_choice":"Success","floor":4.0,"gold_loss":0.0,"damage_taken":5.0,"relics_obtained":["Nunchaku"]},{"cards_removed":["Strike_R"],"damage_healed":0.0,"max_hp_gain":0.0,"max_hp_loss":0.0,"gold_gain":0.0,"event_name":"Golden Wing","player_choice":"Card Removal","floor":6.0,"gold_loss":0.0,"damage_taken":7.0},{"damage_healed":0,"gold_gain":0,"player_choice":"Shed Blood","damage_taken":30,"max_hp_gain":5,"max_hp_loss":0,"event_name":"Forgotten Altar","floor":19,"gold_loss":0},{"damage_healed":0,"gold_gain":0,"player_choice":"Fought Bandits","damage_taken":0,"max_hp_gain":0,"max_hp_loss":0,"event_name":"Masked Bandits","floor":20,"gold_loss":0}],"is_beta":false,"boss_relics":[{"not_picked":["Sozu","Philosopher\u0027s Stone"],"picked":"Snecko Eye"}],"items_purged_floors":[],"is_endless":false,"potions_floor_spawned":[1,2,3,12,14],"killed_by":"Masked Bandits","ascension_level":15}