{"gold_per_floor":[116,129,129,129,148,148,148,148,148,167,198,213,248,265,265,339,339,357,369,382,392,307,307,335,335,335,367,367,393,410,37,37,110,110,120,120,4,15,34,34,59,69,117,152,152,171,188,68,68,68],"floor_reached":51,"playtime":2350,"items_purged":["Strike_R","Strike_R"],"score":1370,"play_id":"519fe5fd-c545-4b9d-882a-c3b9c2b4a535","local_time":"20220220184827","is_ascension_mode":true,"campfire_choices":[{"data":"Bash","floor":6.0,"key":"SMITH"},{"data":"Metallicize","floor":8.0,"key":"SMITH"},{"data":"Hemokinesis","floor":15.0,"key":"SMITH"},{"floor":23.0,"key":"REST"},{"data":"Armaments","floor":25.0,"key":"SMITH"},{"floor":32.0,"key":"REST"},{"data":"Demon Form","floor":40.0,"key":"SMITH"},{"data":"Feel No Pain","floor":49,"key":"SMITH"}],"neow_cost":"NONE","seed_source_timestamp":209474012503000,"circlet_count":0,"master_deck":["AscendersBane","Defend_R","Defend_R+1","Defend_R","Defend_R+1","Bash+1","Rampage","Heavy Blade","Metallicize+1","Iron Wave","Rupture","Hemokinesis+1","Clothesline","Offering","Feel No Pain+1","Inflame","Armaments+1","Pummel+1","True Grit+1","Shrug It Off+1","Impervious+1","Twin Strike+1","True Grit+1","Demon Form+1","Entrench+1"],"special_seed":0,"relics":["Burning Blood","War Paint","Regal Pillow","The Courier","Happy Flower","Velvet Choker","Toxic Egg 2","Akabeko","Bag of Preparation","StoneCalendar","Red Skull","Vajra","OrangePellets","Runic Pyramid","Anchor","Meat on the Bone","MealTicket","Question Card"],"potions_floor_usage":[50,50],"damage_taken":[{"damage":6.0,"enemies":"Small Slimes","floor":1.0,"turns":4.0},{"damage":3.0,"enemies":"2 Louse","floor":2.0,"turns":3.0},{"damage":6.0,"enemies":"Cultist","floor":5.0,"turns":3.0},{"damage":3.0,"enemies":"3 Louse","floor":10.0,"turns":4.0},{"damage":12.0,"enemies":"3 Sentries","floor":11.0,"turns":10.0},{"damage":0.0,"enemies":"Large Slime","floor":12.0,"turns":7.0},{"damage":29.0,"enemies":"Gremlin Nob","floor":13.0,"turns":4.0},{"damage":7.0,"enemies":"2 Fungi Beasts","floor":14.0,"turns":4.0},{"damage":36.0,"enemies":"Hexaghost","floor":16.0,"turns":8.0},{"damage":8.0,"enemies":"3 Byrds","floor":18.0,"turns":6.0},{"damage":11.0,"enemies":"Chosen","floor":19.0,"turns":4.0},{"damage":18.0,"enemies":"Centurion and Healer","floor":20.0,"turns":7.0},{"damage":21.0,"enemies":"Snecko","floor":21.0,"turns":4.0},{"damage":25.0,"enemies":"Book of Stabbing","floor":24.0,"turns":6.0},{"damage":38.0,"enemies":"Slavers","floor":27.0,"turns":4.0},{"damage":22.0,"enemies":"Book of Stabbing","floor":29.0,"turns":4.0},{"damage":6.0,"enemies":"Cultist and Chosen","floor":30.0,"turns":5.0},{"damage":31.0,"enemies":"Collector","floor":33.0,"turns":7.0},{"damage":3.0,"enemies":"Orb Walker","floor":35.0,"turns":3.0},{"damage":6.0,"enemies":"3 Darklings","floor":38.0,"turns":7.0},{"damage":0.0,"enemies":"Sphere and 2 Shapes","floor":39.0,"turns":7.0},{"damage":12.0,"enemies":"Giant Head","floor":41.0,"turns":5.0},{"damage":0.0,"enemies":"Jaw Worm Horde","floor":42.0,"turns":5.0},{"damage":11.0,"enemies":"Reptomancer","floor":44.0,"turns":7.0},{"damage":8,"enemies":"4 Shapes","floor":46,"turns":5},{"damage":2,"enemies":"Sphere and 2 Shapes","floor":47,"turns":5},{"damage":18,"enemies":"Time Eater","floor":50,"turns":7}],"seed_played":"-8904893139502148985","potions_obtained":[{"floor":1.0,"key":"SneckoOil"},{"floor":10.0,"key":"Regen Potion"},{"floor":14.0,"key":"Weak Potion"},{"floor":16.0,"key":"BloodPotion"},{"floor":20.0,"key":"Dexterity Potion"},{"floor":24.0,"key":"Fire Potion"},{"floor":27.0,"key":"Swift Potion"},{"floor":33.0,"key":"EntropicBrew"},{"floor":39.0,"key":"Block Potion"},{"floor":46,"key":"ElixirPotion"}],"is_trial":false,"path_per_floor":["M","M","?","?","M","R","?","R","T","M","E","M","E","M","R","B",null,"M","M","M","M","?","R","E","R","T","E","?","E","M","$","R","B",null,"M","?","$","M","M","R","E","M","T","E","?","M","M","$","R","B",null],"character_chosen":"IRONCLAD","items_purchased":["Dexterity Potion","Vajra","OrangePellets","Shrug It Off+1","Anchor","Weak Potion"],"campfire_rested":2,"item_purchase_floors":[31,31,31,31,37,48],"current_hp_per_floor":[68,71,71,71,71,71,71,71,71,74,68,74,51,50,50,20,61,59,54,57,42,42,75,56,56,56,24,24,20,20,20,57,32,64,67,67,67,67,71,71,65,71,71,66,66,64,68,71,71,59],"gold":68,"neow_bonus":"RANDOM_COMMON_RELIC","is_prod":false,"is_daily":false,"chose_seed":false,"campfire_upgraded":6,"win_rate":0,"timestamp":1645411707,"path_taken":["M","M","?","?","?","R","?","R","T","M","E","M","E","M","R","BOSS","M","M","M","M","?","R","E","R","T","E","?","E","M","$","R","BOSS","M","?","$","M","M","R","E","M","T","E","?","M","?","$","R","BOSS"],"build_version":"2020-12-22","purchased_purges":2,"victory":true,"max_hp_per_floor":[75,75,75,75,75,75,75,75,75,75,75,75,75,75,75,75,75,75,75,75,75,75,75,75,75,75,75,75,75,75,75,75,75,75,75,71,71,71,71,71,71,71,71,71,71,71,71,71,71,71],"card_choices":[{"not_picked":["Twin Strike","Wild Strike"],"picked":"Rampage","floor":1.0},{"not_picked":["True Grit","Perfected Strike"],"picked":"Heavy Blade","floor":2.0},{"not_picked":["Power Through","Dropkick"],"picked":"Iron Wave","floor":5.0},{"not_picked":["Dual Wield","Clash","Havoc"],"picked":"SKIP","floor":10.0},{"not_picked":["Dual Wield","Intimidate"],"picked":"Rupture","floor":11.0},{"not_picked":["Intimidate","Twin Strike"],"picked":"Hemokinesis","floor":12.0},{"not_picked":["Clash","Heavy Blade","Sentinel"],"picked":"SKIP","floor":13.0},{"not_picked":["Flex","Heavy Blade"],"picked":"Clothesline","floor":14.0},{"not_picked":["Fiend Fire","Immolate"],"picked":"Offering","floor":16.0},{"not_picked":["Clothesline","True Grit","Iron Wave"],"picked":"SKIP","floor":18.0},{"not_picked":["Warcry","Cleave"],"picked":"Feel No Pain","floor":19.0},{"not_picked":["Cleave","True Grit"],"picked":"Inflame","floor":20.0},{"not_picked":["Sentinel","Fiend Fire"],"picked":"Armaments","floor":21.0},{"not_picked":["Seeing Red+1","Clash"],"picked":"Pummel+1","floor":24.0},{"not_picked":["Body Slam","Anger"],"picked":"True Grit+1","floor":27.0},{"not_picked":["Searing Blow+1","Armaments+1","Infernal Blade+1"],"picked":"SKIP","floor":29.0},{"not_picked":["Rampage","Pommel Strike","Twin Strike"],"picked":"SKIP","floor":30.0},{"not_picked":["Juggernaut","Double Tap+1"],"picked":"Impervious+1","floor":33.0},{"not_picked":["Headbutt+1","Thunderclap"],"picked":"Twin Strike+1","floor":35.0},{"not_picked":["Wild Strike","Perfected Strike"],"picked":"True Grit+1","floor":38.0},{"not_picked":["Wild Strike","Ghostly Armor+1"],"picked":"Demon Form","floor":39.0},{"not_picked":["Heavy Blade+1","Anger","Metallicize"],"picked":"SKIP","floor":41.0},{"not_picked":["Rage+1","Perfected Strike","Power Through+1"],"picked":"SKIP","floor":42.0},{"not_picked":["Headbutt","Anger+1","Second Wind+1"],"picked":"SKIP","floor":44.0},{"not_picked":["Body Slam","Reckless Charge","Burning Pact+1"],"picked":"Entrench+1","floor":46},{"not_picked":["Ghostly Armor+1","Dark Embrace","Rage+1","Rampage"],"picked":"SKIP","floor":47}],"player_experience":5049283,"relics_obtained":[{"floor":9.0,"key":"Regal Pillow"},{"floor":11.0,"key":"The Courier"},{"floor":13.0,"key":"Happy Flower"},{"floor":24.0,"key":"Akabeko"},{"floor":26.0,"key":"Bag of Preparation"},{"floor":27.0,"key":"StoneCalendar"},{"floor":29.0,"key":"Red Skull"},{"floor":41.0,"key":"Meat on the Bone"},{"floor":43.0,"key":"MealTicket"},{"floor":44.0,"key":"Question Card"}],"event_choices":[{"damage_healed":0.0,"max_hp_gain":0.0,"max_hp_loss":0.0,"gold_gain":0.0,"event_name":"Liars Game","player_choice":"Ignored","floor":3.0,"gold_loss":0.0,"damage_taken":0.0},{"damage_healed":0.0,"max_hp_gain":0.0,"max_hp_loss":0.0,"gold_gain":0.0,"cards_transformed":["Strike_R"],"event_name":"Transmorgrifier","player_choice":"Transformed","floor":4.0,"gold_loss":0.0,"damage_taken":0.0,"cards_obtained":["Metallicize"]},{"cards_removed":["Strike_R"],"damage_healed":0.0,"max_hp_gain":0.0,"max_hp_loss":0.0,"gold_gain":0.0,"event_name":"Living Wall","player_choice":"Forget","floor":7.0,"gold_loss":0.0,"damage_taken":0.0},{"damage_healed":0.0,"max_hp_gain":0.0,"max_hp_loss":0.0,"gold_gain":0.0,"event_name":"Addict","player_choice":"Obtained Relic","floor":22.0,"gold_loss":85.0,"damage_taken":0.0,"relics_obtained":["Toxic Egg 2"]},{"cards_removed":["Strike_R"],"damage_healed":0.0,"max_hp_gain":0.0,"max_hp_loss":0.0,"gold_gain":0.0,"event_name":"Purifier","player_choice":"Purged","floor":28.0,"gold_loss":0.0,"damage_taken":0.0},{"damage_healed":0.0,"max_hp_gain":0.0,"max_hp_loss":4.0,"gold_gain":0.0,"event_name":"Winding Halls","player_choice":"Max HP","floor":36.0,"gold_loss":0.0,"damage_taken":0.0},{"damage_healed":0,"gold_gain":0,"player_choice":"Ignored","damage_taken":0,"max_hp_gain":0,"max_hp_loss":0,"event_name":"Transmorgrifier","floor":45,"gold_loss":0}],"is_beta":false,"boss_relics":[{"not_picked":["Runic Cube","Mark of Pain"],"picked":"Velvet Choker"},{"not_picked":["Coffee Dripper","Sozu"],"picked":"Runic Pyramid"}],"items_purged_floors":[31,48],"is_endless":false,"potions_floor_spawned":[1,10,14,16,20,21,24,27,33,39,46,47],"ascension_level":15}