{"gold_per_floor":[368,207,222,222,222,237,265,265,265,265,296,296,296,328,328,328],"floor_reached":16,"playtime":517,"items_purged":["Normality"],"score":203,"play_id":"ed32091c-dc63-4dfe-b0e9-cbd74bf83509","local_time":"20220304223714","is_ascension_mode":true,"campfire_choices":[{"data":"Bash","floor":8.0,"key":"SMITH"},{"data":"Flame Barrier","floor":10.0,"key":"SMITH"},{"data":"Rupture","floor":13,"key":"SMITH"},{"floor":15,"key":"REST"}],"neow_cost":"CURSE","seed_source_timestamp":54423992640800,"circlet_count":0,"master_deck":["AscendersBane","Strike_R","Strike_R","Strike_R","Strike_R","Strike_R","Defend_R","Defend_R","Defend_R+1","Defend_R+1","Bash+1","Rampage","Fire Breathing","Sword Boomerang","Flame Barrier+1","Rupture+1","Parasite","Metallicize"],"special_seed":0,"relics":["Burning Blood","Self Forming Clay","Bottled Lightning","Toxic Egg 2","InkBottle"],"potions_floor_usage":[],"damage_taken":[{"damage":7.0,"enemies":"Jaw Worm","floor":1.0,"turns":3.0},{"damage":7.0,"enemies":"Small Slimes","floor":3.0,"turns":3.0},{"damage":0.0,"enemies":"Cultist","floor":6.0,"turns":4.0},{"damage":20.0,"enemies":"Lagavulin","floor":7.0,"turns":7.0},{"damage":22.0,"enemies":"3 Sentries","floor":11.0,"turns":6.0},{"damage":34,"enemies":"Gremlin Nob","floor":14,"turns":5},{"damage":31,"enemies":"Hexaghost","floor":16,"turns":11}],"seed_played":"-1470365195764837881","potions_obtained":[{"floor":3.0,"key":"Weak Potion"}],"is_trial":false,"path_per_floor":["M","$","M","?","?","M","E","R","T","R","E","?","R","E","R","B"],"character_chosen":"IRONCLAD","items_purchased":["Fire Breathing","Energy Potion"],"campfire_rested":1,"item_purchase_floors":[2,2],"current_hp_per_floor":[67,67,66,66,43,49,35,35,35,35,19,37,37,9,31,0],"gold":328,"neow_bonus":"TWO_FIFTY_GOLD","is_prod":false,"is_daily":false,"chose_seed":false,"campfire_upgraded":3,"win_rate":0,"timestamp":1646462234,"path_taken":["M","$","M","?","?","?","E","R","T","R","E","?","R","E","R","BOSS"],"build_version":"2022-02-27","purchased_purges":1,"victory":false,"max_hp_per_floor":[75,75,75,75,75,75,75,75,75,75,75,75,75,75,75,75],"card_choices":[{"not_picked":["Wild Strike","Clothesline"],"picked":"Rampage","floor":1.0},{"not_picked":["Searing Blow","Intimidate"],"picked":"Sword Boomerang","floor":3.0},{"not_picked":["Perfected Strike","Anger"],"picked":"Flame Barrier","floor":6.0},{"not_picked":["Power Through","Pommel Strike"],"picked":"Rupture","floor":7.0},{"not_picked":["Thunderclap","Perfected Strike","Flex+1"],"picked":"SKIP","floor":11.0},{"not_picked":["Body Slam","Headbutt"],"picked":"Metallicize","floor":14}],"player_experience":5064307,"relics_obtained":[{"floor":7.0,"key":"Self Forming Clay"},{"floor":9.0,"key":"Bottled Lightning"},{"floor":11.0,"key":"Toxic Egg 2"},{"floor":14,"key":"InkBottle"}],"event_choices":[{"damage_healed":0.0,"max_hp_gain":0.0,"max_hp_loss":0.0,"gold_gain":0.0,"event_name":"Liars Game","player_choice":"Ignored","floor":4.0,"gold_loss":0.0,"damage_taken":0.0},{"damage_healed":0.0,"max_hp_gain":0.0,"max_hp_loss":0.0,"gold_gain":0.0,"event_name":"Shining Light","player_choice":"Entered Light","floor":5.0,"gold_loss":0.0,"damage_taken":23.0,"cards_upgraded":["Defend_R","Defend_R"]},{"damage_healed":18,"gold_gain":0,"player_choice":"Healed and dodged fight","damage_taken":0,"max_hp_gain":0,"max_hp_loss":0,"event_name":"Mushrooms","floor":12,"gold_loss":0,"cards_obtained":["Parasite"]}],"is_beta":false,"boss_relics":[],"items_purged_floors":[2],"is_endless":false,"potions_floor_spawned":[3],"killed_by":"Hexaghost","ascension_level":15}