{"gold_per_floor":[369,369,385,399,399,430,444,444],"floor_reached":8,"playtime":223,"items_purged":[],"score":102,"play_id":"96de0a04-d96a-488b-89cf-a429325d3a27","local_time":"20220320173816","is_ascension_mode":true,"campfire_choices":[],"neow_cost":"PERCENT_DAMAGE","seed_source_timestamp":208612744811200,"circlet_count":0,"master_deck":["AscendersBane","Strike_R","Strike_R","Strike_R","Strike_R","Defend_R","Defend_R","Defend_R","Defend_R","Bash","Uppercut","Cleave","Spot Weakness","Decay","Shrug It Off"],"special_seed":0,"relics":["Burning Blood","Potion Belt"],"potions_floor_usage":[8],"damage_taken":[{"damage":3.0,"enemies":"2 Louse","floor":1.0,"turns":4.0},{"damage":4.0,"enemies":"Cultist","floor":3.0,"turns":3.0},{"damage":7.0,"enemies":"Jaw Worm","floor":4.0,"turns":3.0},{"damage":22.0,"enemies":"Lagavulin","floor":6.0,"turns":4.0},{"damage":21.0,"enemies":"Red Slaver","floor":7.0,"turns":5.0},{"damage":45,"enemies":"Gremlin Nob","floor":8,"turns":4}],"seed_played":"8146006779870188016","potions_obtained":[{"floor":3.0,"key":"Fruit Juice"},{"floor":4.0,"key":"AttackPotion"}],"is_trial":false,"path_per_floor":["M","?","M","M","?","E","M","E"],"character_chosen":"IRONCLAD","items_purchased":[],"campfire_rested":0,"item_purchase_floors":[],"current_hp_per_floor":[53,53,55,54,54,38,23,0],"gold":444,"neow_bonus":"TWO_FIFTY_GOLD","is_prod":false,"is_daily":false,"chose_seed":false,"campfire_upgraded":0,"win_rate":0,"timestamp":1647823096,"path_taken":["M","?","?","M","?","E","M","E"],"build_version":"2022-03-07","purchased_purges":0,"victory":false,"max_hp_per_floor":[75,75,75,75,75,75,75,80],"relic_stats":{"counters":[6,23],"obtain_stats":[{"Potion Belt":6,"Burning Blood":0},{"Potion Belt":4,"Burning Blood":0},{"Potion Belt":14,"Burning Blood":0}],"Burning Blood":30},"card_choices":[{"not_picked":["Havoc","Sword Boomerang"],"picked":"Uppercut","floor":1.0},{"not_picked":["Perfected Strike","Thunderclap"],"picked":"Cleave","floor":3.0},{"not_picked":["Hemokinesis","Twin Strike"],"picked":"Spot Weakness","floor":4.0},{"not_picked":["Dual Wield","Berserk","Heavy Blade"],"picked":"SKIP","floor":6.0},{"not_picked":["Cleave","Headbutt"],"picked":"Shrug It Off","floor":7.0}],"player_experience":5097340,"relics_obtained":[{"floor":6.0,"key":"Potion Belt"}],"event_choices":[{"cards_removed":["Strike_R"],"damage_healed":0.0,"max_hp_gain":0.0,"max_hp_loss":0.0,"gold_gain":0.0,"event_name":"Purifier","player_choice":"Purged","floor":2.0,"gold_loss":0.0,"damage_taken":0.0},{"damage_healed":0.0,"max_hp_gain":0.0,"max_hp_loss":0.0,"gold_gain":0.0,"event_name":"Wheel of Change","player_choice":"Cursed","floor":5.0,"gold_loss":0.0,"damage_taken":0.0,"cards_obtained":["Decay"]}],"is_beta":false,"boss_relics":[],"items_purged_floors":[],"is_endless":false,"potions_floor_spawned":[3,4],"killed_by":"Gremlin Nob","ascension_level":15}