{"gold_per_floor":[360,377,452,62,78,95,124,124,124,155,166,166,181,181,181,257,257,271,289,289,301,21,21,48,48,101,133,133,233,233,265,265,341,341,357,357,376,395,415,442,10,10,10,30,61,11,37,37,37,37],"floor_reached":51,"playtime":4375,"items_purged":["Strike_R","Strike_R","Strike_R"],"score":1412,"play_id":"ccebb2c4-3350-4e64-9482-a29795c99bca","local_time":"20220324105116","is_ascension_mode":true,"campfire_choices":[{"data":"Uppercut","floor":8.0,"key":"SMITH"},{"data":"Inflame","floor":12.0,"key":"SMITH"},{"data":"Twin Strike","floor":15.0,"key":"SMITH"},{"data":"Shockwave","floor":23.0,"key":"SMITH"},{"floor":25.0,"key":"REST"},{"data":"Feed","floor":30.0,"key":"SMITH"},{"data":"Spot Weakness","floor":32.0,"key":"SMITH"},{"floor":42,"key":"REST"},{"floor":49,"key":"REST"}],"neow_cost":"PERCENT_DAMAGE","seed_source_timestamp":90114038929100,"circlet_count":0,"master_deck":["AscendersBane","Defend_R","Defend_R+1","Defend_R","Defend_R","Bash","Inflame+1","Spot Weakness+1","Shrug It Off+1","Heavy Blade","Iron Wave","Uppercut+1","Inflame","Twin Strike+1","Headbutt","Double Tap","Shockwave+1","Second Wind","Dark Embrace","Feed+1","Immolate","Battle Trance","Corruption","Sentinel","Whirlwind+1","True Grit+1","Disarm","Metallicize"],"special_seed":0,"relics":["Burning Blood","Bronze Scales","Lee\u0027s Waffle","Peace Pipe","Mercury Hourglass","White Beast Statue","Juzu Bracelet","Snecko Eye","War Paint","Pen Nib","Nunchaku","Nilry\u0027s Codex","Unceasing Top","Blue Candle","Smiling Mask","Fusion Hammer","MawBank","Red Skull","Thread and Needle","Happy Flower","Bag of Preparation","Torii"],"potions_floor_usage":[39,44],"damage_taken":[{"damage":6.0,"enemies":"Cultist","floor":1.0,"turns":4.0},{"damage":2.0,"enemies":"Jaw Worm","floor":2.0,"turns":3.0},{"damage":4.0,"enemies":"2 Louse","floor":5.0,"turns":3.0},{"damage":15.0,"enemies":"Exordium Wildlife","floor":6.0,"turns":4.0},{"damage":30.0,"enemies":"Lagavulin","floor":7.0,"turns":6.0},{"damage":8.0,"enemies":"3 Sentries","floor":10.0,"turns":5.0},{"damage":9.0,"enemies":"Exordium Thugs","floor":11.0,"turns":4.0},{"damage":5.0,"enemies":"Red Slaver","floor":13.0,"turns":2.0},{"damage":13.0,"enemies":"Slime Boss","floor":16.0,"turns":6.0},{"damage":0.0,"enemies":"3 Byrds","floor":18.0,"turns":3.0},{"damage":2.0,"enemies":"Chosen","floor":19.0,"turns":4.0},{"damage":5.0,"enemies":"Centurion and Healer","floor":21.0,"turns":3.0},{"damage":40.0,"enemies":"Slavers","floor":24.0,"turns":4.0},{"damage":19.0,"enemies":"Gremlin Leader","floor":27.0,"turns":4.0},{"damage":0.0,"enemies":"Colosseum Slavers","floor":29.0,"turns":1.0},{"damage":7.0,"enemies":"Colosseum Nobs","floor":29.0,"turns":4.0},{"damage":4.0,"enemies":"Slavers","floor":31.0,"turns":3.0},{"damage":63.0,"enemies":"Champ","floor":33.0,"turns":9.0},{"damage":14.0,"enemies":"3 Shapes","floor":35.0,"turns":6.0},{"damage":0.0,"enemies":"Orb Walker","floor":37.0,"turns":2.0},{"damage":39.0,"enemies":"Spire Growth","floor":38.0,"turns":4.0},{"damage":0,"enemies":"Transient","floor":39,"turns":5},{"damage":15,"enemies":"Reptomancer","floor":40,"turns":6},{"damage":0,"enemies":"4 Shapes","floor":44,"turns":4},{"damage":48,"enemies":"Nemesis","floor":45,"turns":7},{"damage":11,"enemies":"Giant Head","floor":47,"turns":6},{"damage":14,"enemies":"Time Eater","floor":50,"turns":6}],"seed_played":"4754671062254557508","potions_obtained":[{"floor":2.0,"key":"EssenceOfSteel"},{"floor":7.0,"key":"LiquidBronze"},{"floor":11.0,"key":"Explosive Potion"},{"floor":13.0,"key":"GamblersBrew"},{"floor":16.0,"key":"SpeedPotion"},{"floor":19.0,"key":"FairyPotion"},{"floor":20.0,"key":"SteroidPotion"},{"floor":24.0,"key":"GamblersBrew"},{"floor":27.0,"key":"SkillPotion"},{"floor":29.0,"key":"BloodPotion"},{"floor":31.0,"key":"Block Potion"},{"floor":35.0,"key":"AttackPotion"},{"floor":37.0,"key":"BlessingOfTheForge"},{"floor":38.0,"key":"BlessingOfTheForge"},{"floor":39,"key":"Strength Potion"},{"floor":44,"key":"AttackPotion"},{"floor":47,"key":"EntropicBrew"}],"is_trial":false,"path_per_floor":["M","M","?","$","M","M","E","R","T","E","M","R","M","?","R","B",null,"M","M","?","M","$","R","E","R","T","E","?","?","R","E","R","B",null,"M","?","M","M","M","E","$","R","T","M","E","$","E","?","R","B",null],"character_chosen":"IRONCLAD","items_purchased":["Shrug It Off","Bronze Scales","Lee\u0027s Waffle","Shockwave","Second Wind","Dark Embrace","Red Skull","Thread and Needle"],"campfire_rested":3,"item_purchase_floors":[4,4,4,22,22,22,41,41],"current_hp_per_floor":[50,54,43,82,82,73,49,49,49,47,44,44,45,27,27,20,67,73,77,77,78,78,78,44,68,68,58,37,42,42,65,65,8,69,65,65,71,38,44,35,35,62,62,72,30,30,29,29,59,51],"gold":37,"neow_bonus":"TWO_FIFTY_GOLD","is_prod":false,"is_daily":false,"chose_seed":false,"campfire_upgraded":6,"win_rate":0,"timestamp":1648144276,"path_taken":["M","?","?","$","M","M","E","R","T","E","M","R","M","?","R","BOSS","M","M","?","M","?","R","E","R","T","E","?","?","R","E","R","BOSS","M","?","M","M","M","E","$","R","T","M","E","$","E","?","R","BOSS"],"build_version":"2022-03-07","purchased_purges":3,"victory":true,"max_hp_per_floor":[75,75,75,82,82,82,82,82,82,82,82,82,82,82,82,82,82,82,82,82,82,82,82,82,82,82,85,85,85,85,89,89,89,89,93,93,93,93,93,93,93,93,93,97,97,97,101,101,101,101],"relic_stats":{"Lee\u0027s Waffle":39,"Happy Flower":[7],"Torii":5,"counters":[27,118],"Nilry\u0027s Codex":[8,17,13,12],"Blue Candle":[0],"Pen Nib":[11],"Juzu Bracelet":1,"Bag of Preparation":[4],"War Paint":["Shrug It Off","Defend_R"],"Smiling Mask":75,"MawBank":12,"Burning Blood":160,"White Beast Statue":[0.0024998400000000014,0.0,0.10427520000000007,0.0,0.43920256000000024,0.0,0.38386560000000025,0.0,0.06894720000000004,0.0,0.0012096000000000008,8.927762944000003],"Mercury Hourglass":[426],"Peace Pipe":0,"Nunchaku":[10],"Bronze Scales":[251],"Snecko Eye":[120,130,156,131,-130],"obtain_stats":[{"Lee\u0027s Waffle":4,"Happy Flower":43,"Torii":47,"Nilry\u0027s Codex":28,"Blue Candle":29,"Thread and Needle":41,"Pen Nib":26,"Juzu Bracelet":14,"Bag of Preparation":45,"War Paint":24,"Smiling Mask":31,"MawBank":40,"Burning Blood":0,"White Beast Statue":10,"Mercury Hourglass":9,"Peace Pipe":7,"Nunchaku":27,"Bronze Scales":4,"Snecko Eye":17,"Fusion Hammer":34,"Unceasing Top":29,"Red Skull":41},{"Lee\u0027s Waffle":2,"Happy Flower":23,"Torii":26,"Nilry\u0027s Codex":14,"Blue Candle":16,"Thread and Needle":23,"Pen Nib":13,"Juzu Bracelet":8,"Bag of Preparation":25,"War Paint":13,"Smiling Mask":17,"MawBank":23,"Burning Blood":0,"White Beast Statue":6,"Mercury Hourglass":5,"Peace Pipe":5,"Nunchaku":14,"Bronze Scales":2,"Snecko Eye":9,"Fusion Hammer":18,"Unceasing Top":16,"Red Skull":23},{"Lee\u0027s Waffle":7,"Happy Flower":95,"Torii":112,"Nilry\u0027s Codex":55,"Blue Candle":60,"Thread and Needle":95,"Pen Nib":51,"Juzu Bracelet":31,"Bag of Preparation":106,"War Paint":51,"Smiling Mask":63,"MawBank":95,"Burning Blood":0,"White Beast Statue":25,"Mercury Hourglass":20,"Peace Pipe":20,"Nunchaku":55,"Bronze Scales":7,"Snecko Eye":37,"Fusion Hammer":72,"Unceasing Top":60,"Red Skull":95}],"Unceasing Top":[0]},"card_choices":[{"not_picked":["Shrug It Off","Heavy Blade"],"picked":"Inflame","floor":1.0},{"not_picked":["Battle Trance","True Grit"],"picked":"Spot Weakness","floor":2.0},{"not_picked":["Shrug It Off","Clash"],"picked":"Heavy Blade","floor":5.0},{"not_picked":["Flex","Perfected Strike"],"picked":"Iron Wave","floor":6.0},{"not_picked":["Corruption","Shrug It Off"],"picked":"Uppercut","floor":7.0},{"not_picked":["Wild Strike","Flex"],"picked":"Inflame","floor":10.0},{"not_picked":["Iron Wave","Flex"],"picked":"Twin Strike","floor":11.0},{"not_picked":["Evolve","Iron Wave"],"picked":"Headbutt","floor":13.0},{"not_picked":["Brutality","Bludgeon"],"picked":"Double Tap","floor":16.0},{"not_picked":["True Grit","Havoc+1","Cleave"],"picked":"SKIP","floor":18.0},{"not_picked":["Heavy Blade","Flex","Intimidate"],"picked":"SKIP","floor":19.0},{"not_picked":["Sever Soul","Searing Blow","Anger"],"picked":"SKIP","floor":21.0},{"not_picked":["Anger+1","Burning Pact+1"],"picked":"Feed","floor":24.0},{"not_picked":["Inflame","Brutality"],"picked":"Immolate","floor":27.0},{"not_picked":["Warcry","Perfected Strike"],"picked":"Battle Trance","floor":29.0},{"not_picked":["Warcry","Juggernaut","Searing Blow+1"],"picked":"SKIP","floor":31.0},{"not_picked":["Feed","Double Tap"],"picked":"Corruption","floor":33.0},{"not_picked":["Sentinel","Cleave","Body Slam"],"picked":"SKIP","floor":35.0},{"not_picked":["Cleave","Body Slam"],"picked":"Sentinel","floor":35.0},{"not_picked":["Flex+1","Second Wind"],"picked":"Whirlwind+1","floor":37.0},{"not_picked":["Burning Pact","Twin Strike+1"],"picked":"True Grit+1","floor":38.0},{"not_picked":["Ghostly Armor","Evolve"],"picked":"Disarm","floor":39},{"not_picked":["Anger","Thunderclap+1","Second Wind"],"picked":"SKIP","floor":40},{"not_picked":["Heavy Blade","Perfected Strike","Wild Strike"],"picked":"SKIP","floor":44},{"not_picked":["Shockwave","Fire Breathing","Sever Soul"],"picked":"SKIP","floor":45},{"not_picked":["Spot Weakness","Flex"],"picked":"Metallicize","floor":47}],"player_experience":5102554,"relics_obtained":[{"floor":7.0,"key":"Peace Pipe"},{"floor":9.0,"key":"Mercury Hourglass"},{"floor":10.0,"key":"White Beast Statue"},{"floor":24.0,"key":"War Paint"},{"floor":26.0,"key":"Pen Nib"},{"floor":27.0,"key":"Nunchaku"},{"floor":28.0,"key":"Nilry\u0027s Codex"},{"floor":29.0,"key":"Unceasing Top"},{"floor":29.0,"key":"Blue Candle"},{"floor":31.0,"key":"Smiling Mask"},{"floor":40,"key":"MawBank"},{"floor":43,"key":"Happy Flower"},{"floor":45,"key":"Bag of Preparation"},{"floor":47,"key":"Torii"}],"event_choices":[{"damage_healed":0.0,"max_hp_gain":0.0,"max_hp_loss":0.0,"gold_gain":75.0,"event_name":"World of Goop","player_choice":"Gather Gold","floor":3.0,"gold_loss":0.0,"damage_taken":11.0},{"damage_healed":0.0,"max_hp_gain":0.0,"max_hp_loss":0.0,"gold_gain":0.0,"event_name":"Scrap Ooze","player_choice":"Success","floor":14.0,"gold_loss":0.0,"damage_taken":18.0,"relics_obtained":["Juzu Bracelet"]},{"damage_healed":0.0,"max_hp_gain":0.0,"max_hp_loss":0.0,"gold_gain":0.0,"event_name":"Lab","player_choice":"Got Potions","floor":20.0,"gold_loss":0.0,"damage_taken":0.0},{"damage_healed":0.0,"max_hp_gain":0.0,"max_hp_loss":0.0,"gold_gain":0.0,"event_name":"Cursed Tome","player_choice":"Obtained Book","floor":28.0,"gold_loss":0.0,"damage_taken":21.0},{"damage_healed":0.0,"max_hp_gain":0.0,"max_hp_loss":0.0,"gold_gain":0.0,"event_name":"Colosseum","player_choice":"Fight","floor":29.0,"gold_loss":0.0,"damage_taken":0.0},{"damage_healed":0.0,"max_hp_gain":0.0,"max_hp_loss":0.0,"gold_gain":0.0,"event_name":"Colosseum","player_choice":"Fought Nobs","floor":29.0,"gold_loss":0.0,"damage_taken":0.0},{"cards_removed":["Strike_R"],"damage_healed":0.0,"max_hp_gain":0.0,"max_hp_loss":0.0,"gold_gain":0.0,"event_name":"Falling","player_choice":"Removed Attack","floor":36.0,"gold_loss":0.0,"damage_taken":0.0},{"cards_removed":["Strike_R"],"damage_healed":0,"gold_gain":0,"player_choice":"Purged","damage_taken":0,"max_hp_gain":0,"max_hp_loss":0,"event_name":"Purifier","floor":48,"gold_loss":0}],"is_beta":false,"boss_relics":[{"not_picked":["Pandora\u0027s Box","Mark of Pain"],"picked":"Snecko Eye"},{"not_picked":["Black Blood","Tiny House"],"picked":"Fusion Hammer"}],"items_purged_floors":[4,22,46],"is_endless":false,"potions_floor_spawned":[2,7,11,13,16,18,19,21,24,27,29,29,31,33,35,37,38,39,40,44,45,47],"ascension_level":15}