{"gold_per_floor":[215,215,235,235,4,4,31,31,79,113,113,38,51,77,77,151,151,161,177,194,194,194,219,219,253,307,320,5,5,20,34,34,108,108,123,23,23,41,57,92,92,124,199,44,44,64,16,34,34,34],"floor_reached":51,"playtime":2811,"items_purged":["Strike_R","Strike_R"],"score":1317,"play_id":"a3039a70-2a60-4f7b-a2e0-1b571bf150a6","local_time":"20220420214650","is_ascension_mode":true,"campfire_choices":[{"data":"Hemokinesis","floor":6.0,"key":"SMITH"},{"data":"Clothesline","floor":8.0,"key":"SMITH"},{"data":"Anger","floor":11.0,"key":"SMITH"},{"data":"Rupture","floor":15.0,"key":"SMITH"},{"data":"Immolate","floor":24.0,"key":"SMITH"},{"floor":32,"key":"REST"},{"floor":41,"key":"REST"},{"floor":45,"key":"REST"},{"data":"Feel No Pain","floor":49,"key":"SMITH"}],"neow_cost":"NONE","seed_source_timestamp":84429088675900,"circlet_count":0,"master_deck":["AscendersBane","Strike_R","Defend_R","Defend_R","Defend_R","Defend_R","Bash+1","Hemokinesis+1","Clothesline+1","Anger+1","Rupture+1","Shrug It Off","Immolate+1","Iron Wave+1","Combust","Headbutt+1","Fiend Fire","Rage","Feel No Pain+1","Flame Barrier","Evolve","Impervious","Shockwave+1","Power Through","Exhume","Shrug It Off+1","Burning Pact","Feel No Pain","Havoc","Flame Barrier"],"special_seed":0,"relics":["Burning Blood","Dream Catcher","Medical Kit","Champion Belt","Pen Nib","Sundial","Lizard Tail","Mark of Pain","Ginger","Bronze Scales","Centennial Puzzle","Toy Ornithopter","Nilry\u0027s Codex","SacredBark","Ice Cream","Potion Belt","Bottled Flame"],"potions_floor_usage":[25,25,25,33,40,42,48,50,50,50],"damage_taken":[{"damage":2.0,"enemies":"Jaw Worm","floor":1.0,"turns":3.0},{"damage":2.0,"enemies":"Small Slimes","floor":3.0,"turns":3.0},{"damage":28.0,"enemies":"3 Sentries","floor":7.0,"turns":7.0},{"damage":10.0,"enemies":"Gremlin Nob","floor":10.0,"turns":3.0},{"damage":2.0,"enemies":"2 Louse","floor":13.0,"turns":1.0},{"damage":19.0,"enemies":"3 Sentries","floor":14.0,"turns":7.0},{"damage":23.0,"enemies":"Hexaghost","floor":16.0,"turns":7.0},{"damage":11.0,"enemies":"3 Byrds","floor":18.0,"turns":3.0},{"damage":19.0,"enemies":"Spheric Guardian","floor":19.0,"turns":4.0},{"damage":8.0,"enemies":"Cultist and Chosen","floor":20.0,"turns":4.0},{"damage":31.0,"enemies":"Gremlin Leader","floor":23.0,"turns":6.0},{"damage":21,"enemies":"Book of Stabbing","floor":25,"turns":4},{"damage":18,"enemies":"Snake Plant","floor":27,"turns":2},{"damage":5,"enemies":"Centurion and Healer","floor":30,"turns":5},{"damage":9,"enemies":"Cultist and Chosen","floor":31,"turns":7},{"damage":36,"enemies":"Champ","floor":33,"turns":9},{"damage":12,"enemies":"3 Shapes","floor":35,"turns":4},{"damage":11,"enemies":"Orb Walker","floor":38,"turns":4},{"damage":0,"enemies":"3 Darklings","floor":39,"turns":1},{"damage":56,"enemies":"Nemesis","floor":40,"turns":11},{"damage":19,"enemies":"Giant Head","floor":42,"turns":9},{"damage":42,"enemies":"Sphere and 2 Shapes","floor":46,"turns":7},{"damage":9,"enemies":"Transient","floor":48,"turns":5},{"damage":52,"enemies":"Time Eater","floor":50,"turns":12}],"seed_played":"-2948431527699042483","potions_obtained":[{"floor":1.0,"key":"SkillPotion"},{"floor":16.0,"key":"LiquidBronze"},{"floor":18.0,"key":"AttackPotion"},{"floor":19.0,"key":"EntropicBrew"},{"floor":20.0,"key":"BloodPotion"},{"floor":33,"key":"FearPotion"},{"floor":40,"key":"LiquidMemories"},{"floor":42,"key":"Strength Potion"},{"floor":46,"key":"Fire Potion"},{"floor":48,"key":"LiquidMemories"}],"is_trial":false,"path_per_floor":["M","?","M","?","$","R","E","R","T","E","R","?","M","E","R","B",null,"M","M","M","?","?","E","R","E","T","M","$","?","M","M","R","B",null,"M","$","?","M","M","E","R","E","T","$","R","M","$","M","R","B",null],"character_chosen":"IRONCLAD","items_purchased":["Medical Kit","Feel No Pain","Flame Barrier","Toy Ornithopter","BlessingOfTheForge","Regen Potion","Feel No Pain","Dexterity Potion"],"campfire_rested":3,"item_purchase_floors":[5,28,28,28,28,44,44,47],"current_hp_per_floor":[72,61,65,65,65,65,43,43,43,39,39,39,43,30,30,13,60,55,42,40,40,40,30,30,15,15,43,43,22,23,20,42,17,61,55,55,55,50,56,11,33,25,25,25,47,11,11,13,13,37],"gold":34,"neow_bonus":"HUNDRED_GOLD","is_prod":false,"is_daily":false,"chose_seed":false,"campfire_upgraded":6,"win_rate":0,"timestamp":1650516410,"path_taken":["M","?","M","?","$","R","E","R","T","E","R","?","M","E","R","BOSS","M","M","M","?","?","E","R","E","T","M","?","?","M","M","R","BOSS","M","$","?","M","M","E","R","E","T","$","R","M","?","M","R","BOSS"],"build_version":"2022-03-07","purchased_purges":2,"victory":true,"max_hp_per_floor":[75,75,75,75,75,75,75,75,75,75,75,75,75,75,75,75,75,75,75,75,75,75,75,75,75,75,75,75,75,75,75,75,75,75,75,75,75,75,75,75,75,75,75,75,75,75,75,75,75,75],"relic_stats":{"Ice Cream":[14],"counters":[24,128],"Nilry\u0027s Codex":[10,20,14,20],"Pen Nib":[17],"Ginger":[8],"Medical Kit":[58],"Burning Blood":144,"Dream Catcher":3,"Lizard Tail":37,"Centennial Puzzle":[33],"Bottled Flame":"Clothesline","Sundial":[12],"Bronze Scales":[201],"Champion Belt":[26],"obtain_stats":[{"Ice Cream":40,"Potion Belt":42,"Nilry\u0027s Codex":29,"SacredBark":34,"Pen Nib":9,"Ginger":23,"Medical Kit":5,"Burning Blood":0,"Dream Catcher":2,"Lizard Tail":14,"Centennial Puzzle":26,"Bottled Flame":43,"Sundial":10,"Bronze Scales":25,"Mark of Pain":17,"Champion Belt":7,"Toy Ornithopter":28},{"Ice Cream":20,"Potion Belt":21,"Nilry\u0027s Codex":13,"SacredBark":16,"Pen Nib":3,"Ginger":11,"Medical Kit":2,"Burning Blood":0,"Dream Catcher":1,"Lizard Tail":6,"Centennial Puzzle":12,"Bottled Flame":21,"Sundial":4,"Bronze Scales":12,"Mark of Pain":7,"Champion Belt":3,"Toy Ornithopter":13},{"Ice Cream":95,"Potion Belt":104,"Nilry\u0027s Codex":54,"SacredBark":75,"Pen Nib":13,"Ginger":48,"Medical Kit":6,"Burning Blood":0,"Dream Catcher":3,"Lizard Tail":24,"Centennial Puzzle":52,"Bottled Flame":104,"Sundial":16,"Bronze Scales":52,"Mark of Pain":31,"Champion Belt":13,"Toy Ornithopter":54}],"Toy Ornithopter":35},"card_choices":[{"not_picked":["Power Through","Carnage"],"picked":"Hemokinesis","floor":1.0},{"not_picked":["Perfected Strike","Disarm"],"picked":"Clothesline","floor":3.0},{"not_picked":["Warcry","Dual Wield","Infernal Blade"],"picked":"SKIP","floor":7.0},{"not_picked":["Battle Trance","Sentinel"],"picked":"Anger","floor":10.0},{"not_picked":["Heavy Blade","Twin Strike"],"picked":"Rupture","floor":13.0},{"not_picked":["Thunderclap","Warcry"],"picked":"Shrug It Off","floor":14.0},{"not_picked":["Impervious","Juggernaut"],"picked":"Immolate","floor":16.0},{"not_picked":["Second Wind","Bloodletting"],"picked":"Iron Wave+1","floor":18.0},{"not_picked":["Perfected Strike","Battle Trance"],"picked":"Combust","floor":19.0},{"not_picked":["Warcry","Shockwave"],"picked":"Headbutt+1","floor":20.0},{"not_picked":["Intimidate","Sentinel"],"picked":"Fiend Fire","floor":23.0},{"not_picked":["Double Tap","Pommel Strike"],"picked":"Rage","floor":25},{"not_picked":["Anger","Rage","True Grit"],"picked":"SKIP","floor":27},{"not_picked":["Wild Strike","Perfected Strike","Warcry"],"picked":"SKIP","floor":30},{"not_picked":["Sever Soul","Fire Breathing","Anger"],"picked":"SKIP","floor":31},{"not_picked":["Armaments","Cleave"],"picked":"Evolve","floor":32},{"not_picked":["Limit Break","Brutality"],"picked":"Impervious","floor":33},{"not_picked":["Intimidate","Iron Wave","Headbutt+1"],"picked":"SKIP","floor":35},{"not_picked":["Shrug It Off","Searing Blow"],"picked":"Shockwave+1","floor":38},{"not_picked":["Flex+1","Iron Wave"],"picked":"Power Through","floor":39},{"not_picked":["Anger","True Grit"],"picked":"Exhume","floor":40},{"not_picked":["Heavy Blade","Flex"],"picked":"Shrug It Off+1","floor":41},{"not_picked":["Perfected Strike","Wild Strike"],"picked":"Burning Pact","floor":42},{"not_picked":["Iron Wave","Thunderclap"],"picked":"Havoc","floor":46},{"not_picked":["Evolve","Cleave"],"picked":"Flame Barrier","floor":48}],"player_experience":5127939,"relics_obtained":[{"floor":7.0,"key":"Champion Belt"},{"floor":9.0,"key":"Pen Nib"},{"floor":10.0,"key":"Sundial"},{"floor":14.0,"key":"Lizard Tail"},{"floor":23.0,"key":"Ginger"},{"floor":25,"key":"Bronze Scales"},{"floor":26,"key":"Centennial Puzzle"},{"floor":29,"key":"Nilry\u0027s Codex"},{"floor":40,"key":"Ice Cream"},{"floor":42,"key":"Potion Belt"},{"floor":43,"key":"Bottled Flame"}],"event_choices":[{"damage_healed":0.0,"max_hp_gain":0.0,"max_hp_loss":0.0,"gold_gain":0.0,"event_name":"Scrap Ooze","player_choice":"Success","floor":2.0,"gold_loss":0.0,"damage_taken":11.0,"relics_obtained":["Dream Catcher"]},{"damage_healed":0.0,"max_hp_gain":0.0,"max_hp_loss":0.0,"gold_gain":0.0,"event_name":"Living Wall","player_choice":"Grow","floor":4.0,"gold_loss":0.0,"damage_taken":0.0,"cards_upgraded":["Bash"]},{"cards_removed":["Strike_R"],"damage_healed":0.0,"max_hp_gain":0.0,"max_hp_loss":0.0,"gold_gain":0.0,"event_name":"The Cleric","player_choice":"Card Removal","floor":12.0,"gold_loss":75.0,"damage_taken":0.0},{"damage_healed":0.0,"max_hp_gain":0.0,"max_hp_loss":0.0,"gold_gain":0.0,"event_name":"Ghosts","player_choice":"Ignored","floor":21.0,"gold_loss":0.0,"damage_taken":0.0},{"damage_healed":0.0,"max_hp_gain":0.0,"max_hp_loss":0.0,"gold_gain":0.0,"event_name":"The Mausoleum","player_choice":"Ignored","floor":22.0,"gold_loss":0.0,"damage_taken":0.0},{"damage_healed":0,"gold_gain":0,"player_choice":"Obtained Book","damage_taken":21,"max_hp_gain":0,"max_hp_loss":0,"event_name":"Cursed Tome","floor":29,"gold_loss":0},{"cards_removed":["Strike_R"],"damage_healed":0,"gold_gain":0,"player_choice":"Purged","damage_taken":0,"max_hp_gain":0,"max_hp_loss":0,"event_name":"Purifier","floor":37,"gold_loss":0}],"is_beta":false,"boss_relics":[{"not_picked":["Runic Pyramid","Philosopher\u0027s Stone"],"picked":"Mark of Pain"},{"not_picked":["Coffee Dripper","Runic Dome"],"picked":"SacredBark"}],"items_purged_floors":[5,36],"is_endless":false,"potions_floor_spawned":[1,16,18,19,20,33,40,42,46,48],"ascension_level":15}