{"gold_per_floor":[111,186,186,202,218,218,243,5,83,83,118,128,146,165,165,244,244,257,269,279,24,43,68,68,79,79,107,107,157,157],"floor_reached":30,"playtime":929,"items_purged":["Strike_R"],"score":581,"play_id":"ae5565dd-7329-49e1-872b-141fdcd811d5","local_time":"20220512203306","is_ascension_mode":true,"campfire_choices":[{"data":"Carnage","floor":6,"key":"SMITH"},{"data":"Uppercut","floor":15,"key":"SMITH"},{"floor":24,"key":"REST"},{"floor":28,"key":"REST"}],"neow_cost":"NONE","seed_source_timestamp":43359084360500,"circlet_count":0,"master_deck":["AscendersBane","Strike_R","Strike_R","Strike_R","Defend_R","Defend_R","Defend_R","Defend_R","Bash","Cleave","Rupture","Carnage+1","Rage","Apotheosis+1","Reckless Charge","Fire Breathing","Inflame","Uppercut+1","Corruption","Shrug It Off","Anger+1","Feel No Pain","Ghostly Armor+1","Shrug It Off","Second Wind+1"],"relics":["Burning Blood","NeowsBlessing","Bronze Scales","Eternal Feather","TungstenRod","Sozu","Bag of Marbles","Juzu Bracelet","Peace Pipe","Ginger"],"potions_floor_usage":[13,16,27],"damage_taken":[{"damage":0,"enemies":"Small Slimes","floor":1,"turns":1},{"damage":0,"enemies":"Cultist","floor":4,"turns":1},{"damage":0,"enemies":"Jaw Worm","floor":5,"turns":1},{"damage":52,"enemies":"Gremlin Nob","floor":7,"turns":5},{"damage":13,"enemies":"3 Sentries","floor":11,"turns":7},{"damage":11,"enemies":"Lots of Slimes","floor":12,"turns":3},{"damage":0,"enemies":"Large Slime","floor":13,"turns":5},{"damage":2,"enemies":"3 Louse","floor":14,"turns":3},{"damage":0,"enemies":"Slime Boss","floor":16,"turns":5},{"damage":5,"enemies":"Chosen","floor":18,"turns":5},{"damage":16,"enemies":"Spheric Guardian","floor":19,"turns":4},{"damage":2,"enemies":"Snecko","floor":20,"turns":5},{"damage":28,"enemies":"Shelled Parasite and Fungi","floor":22,"turns":3},{"damage":31,"enemies":"Gremlin Leader","floor":23,"turns":8},{"damage":14,"enemies":"Centurion and Healer","floor":25,"turns":6},{"damage":35,"enemies":"Book of Stabbing","floor":27,"turns":5},{"damage":60,"enemies":"Slavers","floor":30,"turns":4}],"seed_played":"3492946434419919245","potions_obtained":[{"floor":11,"key":"DistilledChaos"},{"floor":14,"key":"LiquidBronze"}],"is_trial":false,"path_per_floor":["M","?","?","M","M","R","E","$","T","?","E","M","M","M","R","B",null,"M","M","M","$","M","E","R","M","T","E","R","?","E"],"character_chosen":"IRONCLAD","items_purchased":["Apotheosis","Block Potion","Feel No Pain","Bag of Marbles"],"campfire_rested":2,"item_purchase_floors":[8,8,21,21],"current_hp_per_floor":[74,63,63,69,75,75,29,29,29,29,22,17,23,27,36,42,67,68,58,62,62,40,15,49,41,41,12,49,49,0],"gold":157,"neow_bonus":"THREE_ENEMY_KILL","is_prod":false,"is_daily":false,"chose_seed":false,"campfire_upgraded":2,"win_rate":0,"timestamp":1652412786,"path_taken":["M","?","?","?","M","R","E","?","T","?","E","M","M","M","R","BOSS","M","?","M","$","M","E","R","M","T","E","R","?","E"],"build_version":"2022-03-07","purchased_purges":1,"victory":false,"max_hp_per_floor":[75,75,75,75,75,75,75,75,75,75,75,75,75,75,75,75,75,75,75,75,75,75,75,75,75,75,75,75,75,75],"relic_stats":{"Sozu":3,"Peace Pipe":0,"counters":[17,71],"Bronze Scales":[186],"Eternal Feather":36,"Juzu Bracelet":0,"Ginger":[1],"obtain_stats":[{"Sozu":17,"Peace Pipe":26,"NeowsBlessing":0,"Bronze Scales":7,"Eternal Feather":9,"Bag of Marbles":21,"Juzu Bracelet":23,"Ginger":27,"Burning Blood":0,"TungstenRod":11},{"Sozu":9,"Peace Pipe":15,"NeowsBlessing":0,"Bronze Scales":4,"Eternal Feather":4,"Bag of Marbles":12,"Juzu Bracelet":14,"Ginger":16,"Burning Blood":0,"TungstenRod":5},{"Sozu":31,"Peace Pipe":62,"NeowsBlessing":0,"Bronze Scales":8,"Eternal Feather":8,"Bag of Marbles":45,"Juzu Bracelet":56,"Ginger":67,"Burning Blood":0,"TungstenRod":15}],"Burning Blood":96,"TungstenRod":38},"card_choices":[{"not_picked":["Shrug It Off","Armaments"],"picked":"Cleave","floor":1},{"not_picked":["Wild Strike","Cleave"],"picked":"Rupture","floor":4},{"not_picked":["Cleave","Dark Embrace"],"picked":"Carnage","floor":5},{"not_picked":["Entrench","Dark Embrace"],"picked":"Rage","floor":7},{"not_picked":["Evolve","Warcry"],"picked":"Reckless Charge","floor":11},{"not_picked":["Ghostly Armor","Infernal Blade"],"picked":"Fire Breathing","floor":12},{"not_picked":["Clash","True Grit"],"picked":"Inflame","floor":13},{"not_picked":["Inflame","Iron Wave"],"picked":"Uppercut","floor":14},{"not_picked":["Juggernaut","Brutality"],"picked":"Corruption","floor":16},{"not_picked":["Havoc","Inflame"],"picked":"Shrug It Off","floor":18},{"not_picked":["Wild Strike","Clothesline","Fire Breathing"],"picked":"SKIP","floor":19},{"not_picked":["Bloodletting","Iron Wave"],"picked":"Anger+1","floor":20},{"not_picked":["Rampage","Flex"],"picked":"Ghostly Armor+1","floor":22},{"not_picked":["Twin Strike+1","Clash"],"picked":"Shrug It Off","floor":23},{"not_picked":["True Grit","Thunderclap"],"picked":"Second Wind+1","floor":25},{"not_picked":["Berserk","Whirlwind","Cleave"],"picked":"SKIP","floor":27}],"player_experience":5146041,"relics_obtained":[{"floor":7,"key":"Bronze Scales"},{"floor":9,"key":"Eternal Feather"},{"floor":11,"key":"TungstenRod"},{"floor":23,"key":"Juzu Bracelet"},{"floor":26,"key":"Peace Pipe"},{"floor":27,"key":"Ginger"}],"event_choices":[{"damage_healed":0,"gold_gain":75,"player_choice":"Gather Gold","damage_taken":11,"max_hp_gain":0,"max_hp_loss":0,"event_name":"World of Goop","floor":2,"gold_loss":0},{"cards_removed":["Strike_R"],"damage_healed":0,"gold_gain":0,"player_choice":"Card Removal","damage_taken":0,"max_hp_gain":0,"max_hp_loss":0,"event_name":"Wheel of Change","floor":3,"gold_loss":0},{"damage_healed":0,"gold_gain":0,"player_choice":"Upgraded","damage_taken":0,"max_hp_gain":0,"max_hp_loss":0,"event_name":"Upgrade Shrine","floor":10,"gold_loss":0,"cards_upgraded":["Apotheosis"]},{"damage_healed":0,"gold_gain":50,"player_choice":"Stole From Cult","damage_taken":0,"max_hp_gain":0,"max_hp_loss":0,"event_name":"Nest","floor":29,"gold_loss":0}],"is_beta":false,"boss_relics":[{"not_picked":["SacredBark","Busted Crown"],"picked":"Sozu"}],"items_purged_floors":[21],"is_endless":false,"potions_floor_spawned":[11,12,14,20,22,27],"killed_by":"Slavers","ascension_level":15}