{"gold_per_floor":[114,129,94,94,109,138,138,182,219,231,258,270,47,59,59,136,136,148,181,196,215,215,249,249,263,263,292,292,307,307,307,307,385,385,403,61,115,115,132,132,132,164,191,216,227,449,459,49,49,49],"floor_reached":51,"playtime":2271,"items_purged":["Strike_R","Anger","Armaments"],"score":1512,"play_id":"cd10ad9f-e91e-4609-ad8f-09b4c6195076","local_time":"20220730185716","is_ascension_mode":true,"campfire_choices":[{"floor":7.0,"key":"DIG"},{"floor":12.0,"key":"DIG"},{"floor":15.0,"key":"DIG"},{"floor":24.0,"key":"REST"},{"floor":28.0,"key":"DIG"},{"floor":30.0,"key":"DIG"},{"floor":32.0,"key":"DIG"},{"floor":40,"key":"DIG"},{"floor":49,"key":"DIG"}],"neow_cost":"PERCENT_DAMAGE","seed_source_timestamp":21782665171600,"circlet_count":0,"master_deck":["AscendersBane","Strike_R+1","Defend_R+1","Defend_R","Defend_R","Defend_R","Bash","Twin Strike","Pommel Strike","Spot Weakness","Shrug It Off","Flame Barrier","Feel No Pain","Demon Form","Offering","Battle Trance","Inflame","True Grit+1","Limit Break","Twin Strike+1","Cleave","Clothesline","Reaper","Feed","Exhume+1","Flame Barrier+1","Apotheosis+1","Disarm+1","Whirlwind","Heavy Blade","Barricade"],"special_seed":0,"relics":["Burning Blood","Shovel","Omamori","MawBank","Dream Catcher","Potion Belt","PreservedInsect","Incense Burner","Fusion Hammer","Red Mask","Question Card","Pocketwatch","Toxic Egg 2","Akabeko","Eternal Feather","InkBottle","Bottled Tornado","Mark of Pain","Peace Pipe","Red Skull","Darkstone Periapt","Happy Flower","Anchor","Vajra","Chemical X","Thread and Needle"],"potions_floor_usage":[44,50,50,50],"damage_taken":[{"damage":10.0,"enemies":"2 Louse","floor":1.0,"turns":3.0},{"damage":11.0,"enemies":"Cultist","floor":2.0,"turns":4.0},{"damage":0.0,"enemies":"Jaw Worm","floor":5.0,"turns":4.0},{"damage":17.0,"enemies":"3 Sentries","floor":6.0,"turns":6.0},{"damage":10.0,"enemies":"Gremlin Nob","floor":8.0,"turns":3.0},{"damage":15.0,"enemies":"Lots of Slimes","floor":11.0,"turns":4.0},{"damage":1.0,"enemies":"Large Slime","floor":14.0,"turns":6.0},{"damage":2.0,"enemies":"The Guardian","floor":16.0,"turns":11.0},{"damage":9.0,"enemies":"Shell Parasite","floor":18.0,"turns":5.0},{"damage":20.0,"enemies":"Masked Bandits","floor":19.0,"turns":5.0},{"damage":23.0,"enemies":"2 Thieves","floor":20.0,"turns":5.0},{"damage":13.0,"enemies":"Snake Plant","floor":21.0,"turns":5.0},{"damage":16.0,"enemies":"Slavers","floor":23.0,"turns":4.0},{"damage":8.0,"enemies":"Centurion and Healer","floor":25.0,"turns":5.0},{"damage":8.0,"enemies":"Gremlin Leader","floor":27.0,"turns":5.0},{"damage":11.0,"enemies":"Chosen and Byrds","floor":29.0,"turns":7.0},{"damage":24.0,"enemies":"Automaton","floor":33.0,"turns":8.0},{"damage":6.0,"enemies":"Orb Walker","floor":35.0,"turns":3.0},{"damage":28,"enemies":"2 Orb Walkers","floor":37,"turns":5},{"damage":16,"enemies":"3 Darklings","floor":39,"turns":5},{"damage":8,"enemies":"Giant Head","floor":42,"turns":6},{"damage":15,"enemies":"Reptomancer","floor":44,"turns":4},{"damage":0,"enemies":"Jaw Worm Horde","floor":45,"turns":2},{"damage":16,"enemies":"Maw","floor":47,"turns":6},{"damage":6,"enemies":"Donu and Deca","floor":50,"turns":9}],"seed_played":"640440434438109365","potions_obtained":[{"floor":1.0,"key":"SteroidPotion"},{"floor":2.0,"key":"GamblersBrew"},{"floor":5.0,"key":"SkillPotion"},{"floor":8.0,"key":"EssenceOfSteel"},{"floor":20.0,"key":"GamblersBrew"},{"floor":21.0,"key":"Explosive Potion"},{"floor":25.0,"key":"PowerPotion"},{"floor":29.0,"key":"DistilledChaos"},{"floor":33.0,"key":"SpeedPotion"},{"floor":42,"key":"SpeedPotion"},{"floor":44,"key":"LiquidMemories"}],"is_trial":false,"path_per_floor":["M","M","?","?","M","E","R","E","T","?","M","R","$","M","R","B",null,"M","?","M","M","?","E","R","M","T","E","R","M","R","?","R","B",null,"M","$","?","T","M","R","$","E","T","E","M","?","M","$","R","B",null],"character_chosen":"IRONCLAD","items_purchased":["Flame Barrier","BloodPotion","Feel No Pain","Apotheosis+1","Explosive Potion","Ancient Potion","Chemical X","Barricade"],"campfire_rested":1,"item_purchase_floors":[13,13,13,36,36,48,48,48],"current_hp_per_floor":[46,41,59,36,42,31,31,27,27,27,18,18,18,23,23,27,63,60,46,29,22,22,27,49,47,47,45,45,40,55,55,70,56,73,73,73,73,73,87,87,87,89,89,84,90,90,95,95,95,99],"gold":49,"neow_bonus":"ONE_RARE_RELIC","is_prod":false,"is_daily":false,"chose_seed":false,"campfire_upgraded":0,"win_rate":0,"timestamp":1659232636,"path_taken":["M","M","?","?","M","E","R","E","T","?","M","R","$","?","R","BOSS","M","?","M","M","?","E","R","M","T","E","R","M","R","?","R","BOSS","M","$","?","?","?","R","$","E","T","E","M","?","M","$","R","BOSS"],"build_version":"2022-03-07","purchased_purges":3,"victory":true,"max_hp_per_floor":[75,75,75,75,75,75,75,75,75,75,75,75,75,75,75,75,75,75,75,75,75,75,75,75,75,75,75,75,75,75,75,75,79,79,79,79,83,83,87,87,87,91,91,95,95,95,95,95,95,99],"relic_stats":{"Darkstone Periapt":0,"Happy Flower":[7],"counters":[25,130],"Eternal Feather":30,"PreservedInsect":280,"Omamori":1,"Bottled Tornado":"Demon Form","MawBank":72,"Question Card":14,"Burning Blood":138,"Peace Pipe":0,"Dream Catcher":1,"Shovel":8,"Chemical X":[1],"obtain_stats":[{"Darkstone Periapt":40,"Vajra":44,"Incense Burner":15,"Bottled Tornado":32,"Burning Blood":0,"Dream Catcher":8,"Shovel":0,"Fusion Hammer":17,"Red Mask":19,"Chemical X":48,"Toxic Egg 2":26,"InkBottle":30,"Red Skull":38,"Potion Belt":9,"Happy Flower":42,"Eternal Feather":28,"Thread and Needle":49,"PreservedInsect":12,"Omamori":6,"MawBank":7,"Question Card":22,"Akabeko":27,"Peace Pipe":37,"Anchor":43,"Mark of Pain":34,"Pocketwatch":23},{"Darkstone Periapt":20,"Vajra":22,"Incense Burner":7,"Bottled Tornado":16,"Burning Blood":0,"Dream Catcher":5,"Shovel":0,"Fusion Hammer":8,"Red Mask":10,"Chemical X":24,"Toxic Egg 2":14,"InkBottle":16,"Red Skull":19,"Potion Belt":5,"Happy Flower":21,"Eternal Feather":15,"Thread and Needle":24,"PreservedInsect":6,"Omamori":4,"MawBank":4,"Question Card":12,"Akabeko":15,"Peace Pipe":19,"Anchor":21,"Mark of Pain":17,"Pocketwatch":13},{"Darkstone Periapt":103,"Vajra":113,"Incense Burner":30,"Bottled Tornado":82,"Burning Blood":0,"Dream Catcher":20,"Shovel":0,"Fusion Hammer":41,"Red Mask":51,"Chemical X":121,"Toxic Egg 2":70,"InkBottle":82,"Red Skull":98,"Potion Belt":20,"Happy Flower":109,"Eternal Feather":75,"Thread and Needle":121,"PreservedInsect":24,"Omamori":17,"MawBank":17,"Question Card":61,"Akabeko":75,"Peace Pipe":98,"Anchor":109,"Mark of Pain":90,"Pocketwatch":65}],"InkBottle":[15],"Pocketwatch":[102]},"card_choices":[{"not_picked":["Evolve","Shrug It Off"],"picked":"Twin Strike","floor":1.0},{"not_picked":["Heavy Blade","Flex"],"picked":"Pommel Strike","floor":2.0},{"not_picked":["Clothesline","Shrug It Off"],"picked":"Spot Weakness","floor":5.0},{"not_picked":["Perfected Strike","Armaments"],"picked":"Anger","floor":6.0},{"not_picked":["Warcry","Bloodletting"],"picked":"Armaments","floor":8.0},{"not_picked":["Headbutt","Clothesline"],"picked":"Shrug It Off","floor":11.0},{"not_picked":["Wild Strike","Headbutt"],"picked":"Demon Form","floor":14.0},{"not_picked":["Barricade","Impervious"],"picked":"Offering","floor":16.0},{"not_picked":["Armaments+1","Iron Wave"],"picked":"Battle Trance","floor":18.0},{"not_picked":["Cleave","Wild Strike"],"picked":"Inflame","floor":19.0},{"not_picked":["Twin Strike","Rage"],"picked":"True Grit+1","floor":20.0},{"not_picked":["Dual Wield","Bloodletting","Pommel Strike"],"picked":"SKIP","floor":21.0},{"not_picked":["Anger","Wild Strike","Pommel Strike+1"],"picked":"Limit Break","floor":23.0},{"not_picked":["Searing Blow+1","Armaments","Iron Wave"],"picked":"Twin Strike+1","floor":24.0},{"not_picked":["Twin Strike+1","Rampage","Clothesline"],"picked":"Cleave","floor":25.0},{"not_picked":["Fire Breathing","Infernal Blade+1","Limit Break+1","Carnage"],"picked":"SKIP","floor":27.0},{"not_picked":["Infernal Blade+1","Anger","Warcry+1"],"picked":"Clothesline","floor":29.0},{"not_picked":["Juggernaut","Demon Form","Barricade"],"picked":"Exhume+1","floor":33.0},{"not_picked":["Anger","Rupture+1","Battle Trance+1"],"picked":"Flame Barrier+1","floor":35.0},{"not_picked":["Searing Blow","Inflame","Twin Strike","Intimidate+1"],"picked":"SKIP","floor":39},{"not_picked":["Metallicize","Body Slam+1","Thunderclap+1"],"picked":"Disarm+1","floor":42},{"not_picked":["Burning Pact+1","Shrug It Off+1","Dark Embrace+1"],"picked":"Whirlwind","floor":44},{"not_picked":["True Grit+1","Blood for Blood","Headbutt"],"picked":"Heavy Blade","floor":45},{"not_picked":["Cleave","Fire Breathing","True Grit+1","Clash+1"],"picked":"SKIP","floor":47}],"player_experience":5160060,"relics_obtained":[{"floor":6.0,"key":"Omamori"},{"floor":7.0,"key":"MawBank"},{"floor":8.0,"key":"Dream Catcher"},{"floor":9.0,"key":"Potion Belt"},{"floor":12.0,"key":"PreservedInsect"},{"floor":15.0,"key":"Incense Burner"},{"floor":19.0,"key":"Red Mask"},{"floor":23.0,"key":"Pocketwatch"},{"floor":26.0,"key":"Toxic Egg 2"},{"floor":27.0,"key":"Akabeko"},{"floor":28.0,"key":"Eternal Feather"},{"floor":30.0,"key":"InkBottle"},{"floor":32.0,"key":"Bottled Tornado"},{"floor":37,"key":"Peace Pipe"},{"floor":38,"key":"Red Skull"},{"floor":40,"key":"Darkstone Periapt"},{"floor":42,"key":"Happy Flower"},{"floor":43,"key":"Anchor"},{"floor":44,"key":"Vajra"},{"floor":49,"key":"Thread and Needle"}],"event_choices":[{"damage_healed":18.0,"max_hp_gain":0.0,"max_hp_loss":0.0,"gold_gain":0.0,"event_name":"The Cleric","player_choice":"Healed","floor":3.0,"gold_loss":35.0,"damage_taken":0.0},{"damage_healed":0.0,"max_hp_gain":0.0,"max_hp_loss":0.0,"gold_gain":0.0,"event_name":"Shining Light","player_choice":"Entered Light","floor":4.0,"gold_loss":0.0,"damage_taken":23.0,"cards_upgraded":["Strike_R","Defend_R"]},{"cards_removed":["Strike_R"],"damage_healed":0.0,"max_hp_gain":0.0,"max_hp_loss":0.0,"gold_gain":0.0,"event_name":"Bonfire Elementals","player_choice":"Offered Basic","floor":10.0,"gold_loss":0.0,"damage_taken":0.0},{"damage_healed":0.0,"max_hp_gain":0.0,"max_hp_loss":0.0,"gold_gain":0.0,"event_name":"Masked Bandits","player_choice":"Fought Bandits","floor":19.0,"gold_loss":0.0,"damage_taken":0.0},{"damage_healed":0.0,"max_hp_gain":0.0,"max_hp_loss":0.0,"gold_gain":0.0,"event_name":"The Mausoleum","player_choice":"Opened","floor":22.0,"gold_loss":0.0,"damage_taken":0.0,"relics_obtained":["Question Card"],"cards_obtained":["Writhe"]},{"damage_healed":0.0,"max_hp_gain":0.0,"max_hp_loss":0.0,"gold_gain":0.0,"cards_transformed":["Strike_R","Strike_R"],"event_name":"Drug Dealer","player_choice":"Became Test Subject","floor":31.0,"gold_loss":0.0,"damage_taken":0.0,"cards_obtained":["Reaper","Feed"]},{"damage_healed":0,"gold_gain":0,"player_choice":"Fight","damage_taken":0,"max_hp_gain":0,"max_hp_loss":0,"event_name":"Mysterious Sphere","floor":37,"gold_loss":0},{"damage_healed":0,"gold_gain":222,"player_choice":"Wore Mask","damage_taken":0,"max_hp_gain":0,"max_hp_loss":0,"event_name":"Tomb of Lord Red Mask","floor":46,"gold_loss":0}],"is_beta":false,"boss_relics":[{"not_picked":["Ectoplasm","Tiny House"],"picked":"Fusion Hammer"},{"not_picked":["Runic Cube","Sozu"],"picked":"Mark of Pain"}],"items_purged_floors":[13,36,48],"is_endless":false,"potions_floor_spawned":[1,2,5,8,20,21,25,29,33,42,44,45],"ascension_level":15}