{"gold_per_floor":[114,17,33,45,60,90,90,117,117,130,195,228,246,258,258,331,331,331,256,156,156,156,156,156,156,156,156,156,156,31,31,31,31,31,31,31,31,0,0,0,0,0,0,0,0,0,0,0,0,0],"floor_reached":51,"playtime":2186,"items_purged":["Strike_R","Strike_R","Strike_R"],"score":1626,"play_id":"3fb83c55-951f-455d-bcd4-f37cd15c9df3","local_time":"20220817161952","is_ascension_mode":true,"campfire_choices":[{"data":"Feed","floor":7.0,"key":"SMITH"},{"data":"Whirlwind","floor":15,"key":"SMITH"},{"data":"Armaments","floor":23,"key":"SMITH"},{"floor":25,"key":"REST"},{"data":"Shockwave","floor":29,"key":"SMITH"},{"data":"Limit Break","floor":32,"key":"SMITH"},{"data":"Offering","floor":40,"key":"SMITH"},{"data":"Flame Barrier","floor":42,"key":"SMITH"},{"floor":44,"key":"REST"},{"floor":49,"key":"REST"}],"neow_cost":"PERCENT_DAMAGE","seed_source_timestamp":25455084462700,"circlet_count":0,"master_deck":["AscendersBane","Strike_R","Strike_R","Defend_R","Defend_R","Defend_R","Defend_R","Bash","Armaments+1","Wild Strike","Whirlwind+1","Bludgeon","Feed+1","Anger","Fire Breathing+1","Second Wind","Limit Break+1","Shrug It Off","Metallicize+1","Offering+1","Warcry+1","Rage+1","Pommel Strike","Shockwave+1","Evolve+1","Exhume","Flame Barrier+1","Body Slam+1","Flex+1","Clothesline+1","Impervious","Fiend Fire","Demon Form+1"],"special_seed":0,"relics":["Burning Blood","WingedGreaves","Tiny Chest","Oddly Smooth Stone","Frozen Egg 2","HornCleat","Letter Opener","Ectoplasm","Vajra","MealTicket","Toy Ornithopter","Bottled Lightning","Mark of Pain","Prayer Wheel","Red Mask","CeramicFish","Incense Burner","Kunai","PreservedInsect"],"potions_floor_usage":[13,18,24,33,37,39,50],"damage_taken":[{"damage":0.0,"enemies":"2 Louse","floor":1.0,"turns":3.0},{"damage":6.0,"enemies":"Cultist","floor":3.0,"turns":5.0},{"damage":2.0,"enemies":"Small Slimes","floor":4.0,"turns":4.0},{"damage":8.0,"enemies":"Exordium Wildlife","floor":5.0,"turns":4.0},{"damage":20.0,"enemies":"Gremlin Nob","floor":6.0,"turns":4.0},{"damage":40.0,"enemies":"Lagavulin","floor":8.0,"turns":7.0},{"damage":8.0,"enemies":"3 Louse","floor":10.0,"turns":3.0},{"damage":2.0,"enemies":"3 Sentries","floor":11.0,"turns":4.0},{"damage":18.0,"enemies":"Gremlin Nob","floor":12.0,"turns":5.0},{"damage":0,"enemies":"2 Fungi Beasts","floor":13,"turns":4},{"damage":4,"enemies":"Exordium Thugs","floor":14,"turns":4},{"damage":37,"enemies":"Slime Boss","floor":16,"turns":9},{"damage":6,"enemies":"Chosen","floor":18,"turns":4},{"damage":10,"enemies":"3 Byrds","floor":22,"turns":5},{"damage":30,"enemies":"Book of Stabbing","floor":24,"turns":6},{"damage":6,"enemies":"Gremlin Leader","floor":27,"turns":7},{"damage":17,"enemies":"Snecko","floor":28,"turns":5},{"damage":24,"enemies":"Slavers","floor":31,"turns":5},{"damage":25,"enemies":"Champ","floor":33,"turns":9},{"damage":32,"enemies":"3 Shapes","floor":35,"turns":7},{"damage":27,"enemies":"3 Darklings","floor":37,"turns":3},{"damage":12,"enemies":"Spire Growth","floor":39,"turns":4},{"damage":18,"enemies":"Nemesis","floor":41,"turns":7},{"damage":6,"enemies":"Jaw Worm Horde","floor":45,"turns":4},{"damage":20,"enemies":"Reptomancer","floor":46,"turns":5},{"damage":18,"enemies":"Transient","floor":47,"turns":5},{"damage":10,"enemies":"Giant Head","floor":48,"turns":7},{"damage":58,"enemies":"Awakened One","floor":50,"turns":9}],"seed_played":"-6374854615917331799","potions_obtained":[{"floor":4.0,"key":"SkillPotion"},{"floor":5.0,"key":"Regen Potion"},{"floor":8.0,"key":"EntropicBrew"},{"floor":11.0,"key":"Fruit Juice"},{"floor":12.0,"key":"Explosive Potion"},{"floor":13,"key":"EssenceOfSteel"},{"floor":22,"key":"Dexterity Potion"},{"floor":24,"key":"SpeedPotion"},{"floor":28,"key":"BloodPotion"},{"floor":35,"key":"Swift Potion"},{"floor":37,"key":"Weak Potion"}],"is_trial":false,"path_per_floor":["M","$","M","M","M","E","R","E","T","M","?","E","M","M","R","B",null,"M","$","$","?","M","R","E","R","T","E","M","R","$","E","R","B",null,"M","T","M","?","M","R","E","R","T","R","M","E","M","E","R","B",null],"character_chosen":"IRONCLAD","items_purchased":["HeartOfIron"],"campfire_rested":3,"item_purchase_floors":[2],"current_hp_per_floor":[56,56,56,60,58,44,44,25,25,27,35,23,38,44,44,13,75,79,79,79,67,67,67,43,74,74,74,63,63,78,64,64,50,94,76,76,83,83,82,82,70,70,70,104,104,94,82,78,114,67],"gold":0,"neow_bonus":"ONE_RARE_RELIC","is_prod":false,"is_daily":false,"chose_seed":false,"campfire_upgraded":7,"win_rate":0,"timestamp":1660778392,"path_taken":["M","$","M","M","M","E","R","E","T","M","?","E","M","M","R","BOSS","M","$","$","?","?","R","E","R","T","E","M","R","$","E","R","BOSS","M","?","M","?","M","R","E","R","T","R","M","E","M","E","R","BOSS"],"build_version":"2022-03-07","purchased_purges":3,"victory":true,"max_hp_per_floor":[75,75,75,75,75,75,75,75,75,79,83,83,92,96,96,96,96,100,100,100,100,104,104,104,104,104,104,104,104,104,108,108,108,108,116,116,116,116,116,116,116,116,116,116,116,120,120,120,120,120],"relic_stats":{"counters":[28,148],"CeramicFish":0,"PreservedInsect":0,"Letter Opener":[218],"Burning Blood":168,"Tiny Chest":1,"MealTicket":15,"Prayer Wheel":4,"WingedGreaves":3,"Ectoplasm":483,"Bottled Lightning":"Offering","Kunai":[5],"obtain_stats":[{"CeramicFish":41,"Oddly Smooth Stone":8,"Vajra":24,"PreservedInsect":48,"Incense Burner":43,"Letter Opener":12,"Frozen Egg 2":9,"Burning Blood":0,"HornCleat":11,"Tiny Chest":6,"MealTicket":26,"Prayer Wheel":36,"WingedGreaves":0,"Ectoplasm":17,"Mark of Pain":34,"Red Mask":38,"Bottled Lightning":31,"Kunai":46,"Toy Ornithopter":27},{"CeramicFish":23,"Oddly Smooth Stone":6,"Vajra":15,"PreservedInsect":27,"Incense Burner":23,"Letter Opener":9,"Frozen Egg 2":6,"Burning Blood":0,"HornCleat":8,"Tiny Chest":5,"MealTicket":15,"Prayer Wheel":20,"WingedGreaves":0,"Ectoplasm":12,"Mark of Pain":19,"Red Mask":21,"Bottled Lightning":18,"Kunai":25,"Toy Ornithopter":16},{"CeramicFish":118,"Oddly Smooth Stone":27,"Vajra":71,"PreservedInsect":139,"Incense Burner":118,"Letter Opener":39,"Frozen Egg 2":27,"Burning Blood":0,"HornCleat":34,"Tiny Chest":20,"MealTicket":71,"Prayer Wheel":104,"WingedGreaves":0,"Ectoplasm":56,"Mark of Pain":97,"Red Mask":107,"Bottled Lightning":88,"Kunai":127,"Toy Ornithopter":78}],"Toy Ornithopter":20},"card_choices":[{"not_picked":["Perfected Strike","Body Slam"],"picked":"Armaments","floor":1.0},{"not_picked":["Iron Wave","Pummel"],"picked":"Wild Strike","floor":3.0},{"not_picked":["Clash","Sword Boomerang"],"picked":"Whirlwind","floor":4.0},{"not_picked":["Thunderclap","Havoc"],"picked":"Bludgeon","floor":5.0},{"not_picked":["Feel No Pain","Pommel Strike"],"picked":"Feed","floor":6.0},{"not_picked":["Twin Strike","Shrug It Off"],"picked":"Anger","floor":8.0},{"not_picked":["Combust+1","Iron Wave"],"picked":"Fire Breathing+1","floor":10.0},{"not_picked":["Wild Strike","Havoc"],"picked":"Second Wind","floor":11.0},{"not_picked":["Body Slam","True Grit"],"picked":"Limit Break","floor":12.0},{"not_picked":["Anger","Entrench"],"picked":"Shrug It Off","floor":13},{"not_picked":["Headbutt","Feed"],"picked":"Metallicize+1","floor":14},{"not_picked":["Fiend Fire","Feed"],"picked":"Offering","floor":16},{"not_picked":["Perfected Strike","Sever Soul+1","Heavy Blade"],"picked":"SKIP","floor":18},{"not_picked":["Searing Blow","Whirlwind"],"picked":"Warcry+1","floor":22},{"not_picked":["Second Wind","Ghostly Armor"],"picked":"Rage+1","floor":24},{"not_picked":["Thunderclap","Ghostly Armor"],"picked":"Pommel Strike","floor":27},{"not_picked":["Armaments","Thunderclap"],"picked":"Shockwave","floor":28},{"not_picked":["Limit Break","Uppercut"],"picked":"Evolve+1","floor":31},{"not_picked":["Limit Break","Barricade+1"],"picked":"Exhume","floor":33},{"not_picked":["Shockwave","Thunderclap","Armaments"],"picked":"SKIP","floor":35},{"not_picked":["Flex","Evolve+1"],"picked":"Flame Barrier","floor":37},{"not_picked":["Clothesline","Wild Strike","Rupture+1"],"picked":"SKIP","floor":37},{"not_picked":["Clothesline","Wild Strike","Rupture+1"],"picked":"SKIP","floor":37},{"not_picked":["Rampage+1","Pommel Strike"],"picked":"Body Slam+1","floor":39},{"not_picked":["Sever Soul","Perfected Strike+1","Bludgeon"],"picked":"SKIP","floor":39},{"not_picked":["Havoc","Body Slam"],"picked":"Flex+1","floor":41},{"not_picked":["Hemokinesis","Seeing Red+1"],"picked":"Clothesline+1","floor":45},{"not_picked":["Sentinel","Rupture+1","Perfected Strike"],"picked":"SKIP","floor":45},{"not_picked":["Warcry","Twin Strike"],"picked":"Impervious","floor":46},{"not_picked":["Headbutt","Warcry+1"],"picked":"Fiend Fire","floor":47},{"not_picked":["Combust+1","Wild Strike","Rage+1"],"picked":"SKIP","floor":47},{"not_picked":["Thunderclap+1","Flex"],"picked":"Demon Form+1","floor":48}],"player_experience":5207808,"relics_obtained":[{"floor":6.0,"key":"Tiny Chest"},{"floor":8.0,"key":"Oddly Smooth Stone"},{"floor":9.0,"key":"Frozen Egg 2"},{"floor":11.0,"key":"HornCleat"},{"floor":12.0,"key":"Letter Opener"},{"floor":24,"key":"Vajra"},{"floor":26,"key":"MealTicket"},{"floor":27,"key":"Toy Ornithopter"},{"floor":31,"key":"Bottled Lightning"},{"floor":36,"key":"Prayer Wheel"},{"floor":41,"key":"CeramicFish"},{"floor":43,"key":"Incense Burner"},{"floor":46,"key":"Kunai"},{"floor":48,"key":"PreservedInsect"}],"event_choices":[{"damage_healed":0.0,"max_hp_gain":0.0,"max_hp_loss":0.0,"gold_gain":0.0,"event_name":"Dead Adventurer","player_choice":"Searched \u00271\u0027 times","floor":11.0,"gold_loss":0.0,"damage_taken":0.0},{"damage_healed":0,"gold_gain":0,"player_choice":"POTION ","damage_taken":12,"max_hp_gain":0,"max_hp_loss":0,"event_name":"Knowing Skull","floor":21,"potions_obtained":["CultistPotion"],"gold_loss":0,"cards_obtained":[]},{"damage_healed":0,"gold_gain":0,"player_choice":"Paid","damage_taken":0,"relics_obtained":["Red Mask"],"max_hp_gain":0,"max_hp_loss":0,"event_name":"Tomb of Lord Red Mask","floor":38,"gold_loss":31}],"is_beta":false,"boss_relics":[{"not_picked":["SacredBark","Runic Dome"],"picked":"Ectoplasm"},{"not_picked":["SlaversCollar","Fusion Hammer"],"picked":"Mark of Pain"}],"items_purged_floors":[19,20,30],"is_endless":false,"potions_floor_spawned":[4,5,8,11,12,13,22,24,28,35,37],"ascension_level":15}