{"gold_per_floor":[118,118,43,57,77,77,106,117,186,205,220,220,43,78,78,151,151,164,164,179,191,191],"floor_reached":22,"playtime":778,"items_purged":["Strike_R","Strike_R"],"score":347,"play_id":"288ac88c-52f3-4308-99f1-21d833a34bbe","local_time":"20220902132500","is_ascension_mode":true,"campfire_choices":[{"data":"Bash","floor":6,"key":"SMITH"},{"data":"Metallicize","floor":12,"key":"SMITH"},{"data":"Demon Form","floor":15,"key":"SMITH"}],"neow_cost":"TEN_PERCENT_HP_LOSS","seed_source_timestamp":105917296407700,"circlet_count":0,"master_deck":["AscendersBane","Strike_R","Strike_R","Strike_R","Defend_R","Defend_R","Defend_R","Defend_R","Bash+1","Demon Form+1","Ghostly Armor","Reaper","Pummel","Hemokinesis","Metallicize+1","Sword Boomerang","Iron Wave","Second Wind","Fire Breathing","Feel No Pain","Exhume","Battle Trance","Dropkick+1"],"relics":["Burning Blood","Prayer Wheel","InkBottle","Omamori","Philosopher\u0027s Stone"],"potions_floor_usage":[18,21],"damage_taken":[{"damage":4,"enemies":"Small Slimes","floor":1,"turns":4},{"damage":6,"enemies":"Cultist","floor":4,"turns":4},{"damage":4,"enemies":"Jaw Worm","floor":5,"turns":4},{"damage":21,"enemies":"Lagavulin","floor":7,"turns":7},{"damage":6,"enemies":"Exordium Wildlife","floor":8,"turns":2},{"damage":9,"enemies":"2 Fungi Beasts","floor":10,"turns":4},{"damage":30,"enemies":"Lots of Slimes","floor":11,"turns":5},{"damage":25,"enemies":"3 Sentries","floor":14,"turns":7},{"damage":6,"enemies":"Hexaghost","floor":16,"turns":9},{"damage":34,"enemies":"3 Byrds","floor":18,"turns":4},{"damage":18,"enemies":"Chosen","floor":20,"turns":5},{"damage":33,"enemies":"Sentry and Sphere","floor":21,"turns":6},{"damage":28,"enemies":"Snecko","floor":22,"turns":4}],"seed_played":"6575624324585254744","potions_obtained":[{"floor":1,"key":"LiquidBronze"},{"floor":11,"key":"Weak Potion"},{"floor":14,"key":"BloodPotion"},{"floor":21,"key":"LiquidBronze"}],"is_trial":false,"path_per_floor":["M","?","$","M","M","R","E","M","T","M","M","R","$","E","R","B",null,"M","?","M","M","M"],"character_chosen":"IRONCLAD","items_purchased":["Feel No Pain"],"campfire_rested":0,"item_purchase_floors":[13],"current_hp_per_floor":[68,68,68,68,68,68,68,68,68,65,44,44,44,37,37,56,65,42,42,30,16,0],"gold":191,"neow_bonus":"THREE_RARE_CARDS","is_prod":false,"is_daily":false,"chose_seed":false,"campfire_upgraded":3,"win_rate":0,"timestamp":1662150300,"path_taken":["M","?","$","M","M","R","E","M","T","M","M","R","$","E","R","BOSS","M","?","?","M","M"],"build_version":"2022-03-07","purchased_purges":2,"victory":false,"max_hp_per_floor":[68,68,68,68,68,68,68,68,68,68,68,68,68,68,68,68,68,68,68,68,68,68],"relic_stats":{"counters":[13,65],"Prayer Wheel":6,"Omamori":0,"obtain_stats":[{"Prayer Wheel":7,"Philosopher\u0027s Stone":17,"Omamori":14,"Burning Blood":0,"InkBottle":9},{"Prayer Wheel":4,"Philosopher\u0027s Stone":9,"Omamori":8,"Burning Blood":0,"InkBottle":5},{"Prayer Wheel":19,"Philosopher\u0027s Stone":46,"Omamori":37,"Burning Blood":0,"InkBottle":21}],"Burning Blood":61,"InkBottle":[8]},"card_choices":[{"not_picked":["Brutality","Exhume"],"picked":"Demon Form","floor":0},{"not_picked":["Power Through","Intimidate"],"picked":"Ghostly Armor","floor":1},{"not_picked":["Carnage","Body Slam"],"picked":"Hemokinesis","floor":4},{"not_picked":["Havoc","Iron Wave"],"picked":"Metallicize","floor":5},{"not_picked":["Flex","Havoc"],"picked":"Sword Boomerang","floor":7},{"not_picked":["Wild Strike","Evolve","Clash"],"picked":"SKIP","floor":8},{"not_picked":["Sword Boomerang","Armaments","Heavy Blade"],"picked":"SKIP","floor":8},{"not_picked":["Intimidate","Rampage"],"picked":"Iron Wave","floor":10},{"not_picked":["Juggernaut","Warcry"],"picked":"Second Wind","floor":10},{"not_picked":["True Grit","Havoc"],"picked":"Fire Breathing","floor":11},{"not_picked":["Sword Boomerang","Clothesline","Intimidate"],"picked":"SKIP","floor":11},{"not_picked":["Dropkick","Warcry","Bloodletting"],"picked":"SKIP","floor":14},{"not_picked":["Double Tap","Berserk"],"picked":"Exhume","floor":16},{"not_picked":["Perfected Strike","Clash","Dual Wield"],"picked":"SKIP","floor":18},{"not_picked":["Entrench","Perfected Strike","Clash"],"picked":"SKIP","floor":18},{"not_picked":["Whirlwind","Pommel Strike"],"picked":"Battle Trance","floor":20},{"not_picked":["Havoc","Warcry","Juggernaut"],"picked":"SKIP","floor":20},{"not_picked":["Perfected Strike","Inflame"],"picked":"Dropkick+1","floor":21},{"not_picked":["Perfected Strike","Evolve","Fire Breathing"],"picked":"SKIP","floor":21}],"player_experience":5265052,"relics_obtained":[{"floor":7,"key":"Prayer Wheel"},{"floor":9,"key":"InkBottle"},{"floor":14,"key":"Omamori"}],"event_choices":[{"damage_healed":0,"gold_gain":0,"player_choice":"2 cards matched","damage_taken":0,"max_hp_gain":0,"max_hp_loss":0,"event_name":"Match and Keep!","floor":2,"gold_loss":0,"cards_obtained":["Reaper","Pummel"]},{"damage_healed":0,"gold_gain":0,"player_choice":"Ignored","damage_taken":0,"max_hp_gain":0,"max_hp_loss":0,"event_name":"N\u0027loth","floor":19,"gold_loss":0}],"is_beta":false,"boss_relics":[{"not_picked":["Black Star","Fusion Hammer"],"picked":"Philosopher\u0027s Stone"}],"items_purged_floors":[3,13],"is_endless":false,"potions_floor_spawned":[1,11,14,21],"killed_by":"Snecko","ascension_level":15}