{"gold_per_floor":[113,130,141,141,157,157,174,174,200,242,274,319,347,359,371,458,470,495,507,519,531,554,566],"floor_reached":23,"playtime":626,"items_purged":[],"score":355,"play_id":"315d1d2c-5bc5-4ad2-909e-c07b90268281","local_time":"20221007084035","is_ascension_mode":true,"campfire_choices":[{"data":"Bash","floor":6.0,"key":"SMITH"},{"data":"Combust","floor":8.0,"key":"SMITH"},{"data":"Clothesline","floor":15.0,"key":"SMITH"}],"neow_cost":"NONE","seed_source_timestamp":2059013099500,"circlet_count":0,"master_deck":["AscendersBane","Strike_R","Strike_R","Strike_R","Defend_R","Defend_R","Defend_R","Defend_R","Bash+1","Anger","Metallicize+1","Clothesline+1","Impervious","Combust+1","Ghostly Armor","Demon Form","Shrug It Off","Necronomicurse","Clash","Carnage"],"special_seed":0,"relics":["Burning Blood","NeowsBlessing","MawBank","Centennial Puzzle","Toy Ornithopter","Coffee Dripper","Necronomicon"],"potions_floor_usage":[16],"damage_taken":[{"damage":0.0,"enemies":"2 Louse","floor":1.0,"turns":2.0},{"damage":0.0,"enemies":"Cultist","floor":2.0,"turns":1.0},{"damage":0.0,"enemies":"Jaw Worm","floor":3.0,"turns":1.0},{"damage":4.0,"enemies":"Large Slime","floor":5.0,"turns":5.0},{"damage":12.0,"enemies":"Looter","floor":7.0,"turns":4.0},{"damage":17.0,"enemies":"Gremlin Nob","floor":10.0,"turns":3.0},{"damage":7.0,"enemies":"Red Slaver","floor":11.0,"turns":3.0},{"damage":17.0,"enemies":"3 Sentries","floor":12.0,"turns":6.0},{"damage":21.0,"enemies":"Gremlin Gang","floor":13.0,"turns":5.0},{"damage":37,"enemies":"The Guardian","floor":16,"turns":15},{"damage":8,"enemies":"Chosen","floor":18,"turns":4},{"damage":1,"enemies":"Spheric Guardian","floor":22,"turns":4},{"damage":24,"enemies":"Slavers","floor":23,"turns":1}],"seed_played":"-7216656500083561657","potions_obtained":[{"floor":1.0,"key":"AttackPotion"},{"floor":5.0,"key":"SkillPotion"},{"floor":12.0,"key":"Dexterity Potion"}],"is_trial":false,"path_per_floor":["M","M","M","?","M","R","M","R","T","E","M","E","M","?","R","B",null,"M","?","?","?","M","E"],"character_chosen":"IRONCLAD","items_purchased":[],"campfire_rested":0,"item_purchase_floors":[],"current_hp_per_floor":[74,75,75,75,75,75,69,69,69,58,57,46,36,36,36,10,59,57,36,15,15,20,0],"gold":566,"neow_bonus":"THREE_ENEMY_KILL","is_prod":false,"is_daily":false,"chose_seed":false,"campfire_upgraded":3,"win_rate":0,"timestamp":1665157235,"path_taken":["M","M","M","?","M","R","?","R","T","E","M","E","M","?","R","BOSS","M","?","?","?","?","E"],"build_version":"2022-10-04","purchased_purges":0,"victory":false,"max_hp_per_floor":[75,75,75,75,75,75,75,75,75,75,75,75,75,75,75,75,75,75,75,80,80,80,80],"relic_stats":{"Centennial Puzzle":[21],"counters":[13,54],"Necronomicon":[2],"MawBank":168,"obtain_stats":[{"Centennial Puzzle":10,"NeowsBlessing":0,"Coffee Dripper":17,"Necronomicon":19,"MawBank":9,"Burning Blood":0,"Toy Ornithopter":12},{"Centennial Puzzle":6,"NeowsBlessing":0,"Coffee Dripper":10,"Necronomicon":11,"MawBank":5,"Burning Blood":0,"Toy Ornithopter":8},{"Centennial Puzzle":16,"NeowsBlessing":0,"Coffee Dripper":45,"Necronomicon":49,"MawBank":13,"Burning Blood":0,"Toy Ornithopter":25}],"Burning Blood":59,"Toy Ornithopter":10},"card_choices":[{"not_picked":["Infernal Blade","Headbutt"],"picked":"Anger","floor":1.0},{"not_picked":["Shrug It Off","Warcry"],"picked":"Metallicize","floor":2.0},{"not_picked":["Battle Trance","Body Slam"],"picked":"Clothesline","floor":3.0},{"not_picked":["Pommel Strike","Warcry"],"picked":"Impervious","floor":5.0},{"not_picked":["Havoc","Body Slam"],"picked":"Combust","floor":7.0},{"not_picked":["Anger","Havoc","Intimidate"],"picked":"SKIP","floor":10.0},{"not_picked":["Entrench","Havoc"],"picked":"Ghostly Armor","floor":11.0},{"not_picked":["Fire Breathing","Bludgeon","Ghostly Armor"],"picked":"SKIP","floor":12.0},{"not_picked":["Perfected Strike","Havoc","Dual Wield"],"picked":"SKIP","floor":13.0},{"not_picked":["Fiend Fire","Impervious"],"picked":"Demon Form","floor":16},{"not_picked":["Anger","Clothesline"],"picked":"Shrug It Off","floor":18},{"not_picked":["Twin Strike","Inflame"],"picked":"Carnage","floor":22}],"player_experience":5286536,"relics_obtained":[{"floor":9.0,"key":"MawBank"},{"floor":10.0,"key":"Centennial Puzzle"},{"floor":12.0,"key":"Toy Ornithopter"},{"floor":19,"key":"Necronomicon"}],"event_choices":[{"cards_removed":["Strike_R"],"damage_healed":0.0,"max_hp_gain":0.0,"max_hp_loss":0.0,"gold_gain":0.0,"event_name":"Purifier","player_choice":"Purged","floor":4.0,"gold_loss":0.0,"damage_taken":0.0},{"damage_healed":0.0,"max_hp_gain":0.0,"max_hp_loss":0.0,"gold_gain":0.0,"event_name":"Living Wall","player_choice":"Grow","floor":14.0,"gold_loss":0.0,"damage_taken":0.0,"cards_upgraded":["Metallicize"]},{"damage_healed":0,"gold_gain":0,"player_choice":"Obtained Book","damage_taken":21,"max_hp_gain":0,"max_hp_loss":0,"event_name":"Cursed Tome","floor":19,"gold_loss":0},{"damage_healed":0,"gold_gain":0,"player_choice":"Shed Blood","damage_taken":26,"max_hp_gain":5,"max_hp_loss":0,"event_name":"Forgotten Altar","floor":20,"gold_loss":0},{"damage_healed":0,"gold_gain":0,"cards_transformed":["Strike_R"],"player_choice":"Transformed","damage_taken":0,"max_hp_gain":0,"max_hp_loss":0,"event_name":"Transmorgrifier","floor":21,"gold_loss":0,"cards_obtained":["Clash"]}],"is_beta":false,"boss_relics":[{"not_picked":["SlaversCollar","Cursed Key"],"picked":"Coffee Dripper"}],"items_purged_floors":[],"is_endless":false,"potions_floor_spawned":[1,5,7,12],"killed_by":"Slavers","ascension_level":15}