{"gold_per_floor":[116,126,3,3,16,44,44,77,77,77,110,130,142,156,156,230,230,241,241,261,91,109,137,137,162,215,315,345,345,197,232,232,307,307,326,326,326,342,355,355,383,34,34,51,79,95,143,176,176,176],"floor_reached":51,"playtime":2392,"items_purged":["Strike_R","Strike_R","Strike_R"],"score":1558,"play_id":"6724d20c-67bf-409d-92c5-a003af471b2f","local_time":"20221116185519","is_ascension_mode":true,"campfire_choices":[{"data":"Blood for Blood","floor":7.0,"key":"SMITH"},{"data":"Cleave","floor":10.0,"key":"SMITH"},{"data":"Feel No Pain","floor":15.0,"key":"SMITH"},{"data":"Shockwave","floor":24.0,"key":"SMITH"},{"data":"Dark Embrace","floor":29.0,"key":"SMITH"},{"floor":32.0,"key":"REST"},{"data":"Corruption","floor":40.0,"key":"SMITH"},{"floor":49,"key":"REST"}],"neow_cost":"PERCENT_DAMAGE","seed_source_timestamp":34341151011200,"circlet_count":0,"master_deck":["AscendersBane","Defend_R","Defend_R","Defend_R","Defend_R","Bash","Thunderclap","Blood for Blood+1","Cleave+1","Flame Barrier","Battle Trance","Shockwave+1","Feel No Pain+1","Shrug It Off","Spot Weakness","Second Wind","Fiend Fire","Shrug It Off","Combust+1","Dark Embrace+1","Heavy Blade","Burning Pact","Disarm","Anger","Corruption+1","Offering","Rupture","Immolate","True Grit+1","Sentinel+1","Spot Weakness","Dual Wield+1"],"special_seed":0,"relics":["Burning Blood","Meat on the Bone","White Beast Statue","Kunai","Torii","SlaversCollar","Oddly Smooth Stone","Toy Ornithopter","Tiny Chest","StoneCalendar","Pantograph","Happy Flower","Pen Nib","Runic Pyramid","Darkstone Periapt","Lee\u0027s Waffle","Pear","Juzu Bracelet","Vajra","Red Skull"],"potions_floor_usage":[50],"damage_taken":[{"damage":0.0,"enemies":"2 Louse","floor":1.0,"turns":4.0},{"damage":1.0,"enemies":"Cultist","floor":2.0,"turns":3.0},{"damage":9.0,"enemies":"Jaw Worm","floor":5.0,"turns":4.0},{"damage":20.0,"enemies":"Gremlin Nob","floor":6.0,"turns":4.0},{"damage":16.0,"enemies":"3 Sentries","floor":8.0,"turns":6.0},{"damage":39.0,"enemies":"Gremlin Nob","floor":11.0,"turns":5.0},{"damage":2.0,"enemies":"Blue Slaver","floor":12.0,"turns":5.0},{"damage":3.0,"enemies":"Exordium Thugs","floor":13.0,"turns":4.0},{"damage":7.0,"enemies":"Exordium Wildlife","floor":14.0,"turns":4.0},{"damage":24.0,"enemies":"Slime Boss","floor":16.0,"turns":10.0},{"damage":3.0,"enemies":"3 Byrds","floor":18.0,"turns":3.0},{"damage":2.0,"enemies":"Chosen","floor":20.0,"turns":3.0},{"damage":22.0,"enemies":"Centurion and Healer","floor":22.0,"turns":9.0},{"damage":9.0,"enemies":"Book of Stabbing","floor":23.0,"turns":4.0},{"damage":26.0,"enemies":"Gremlin Leader","floor":25.0,"turns":8.0},{"damage":20.0,"enemies":"Colosseum Slavers","floor":27.0,"turns":5.0},{"damage":13.0,"enemies":"Colosseum Nobs","floor":27.0,"turns":5.0},{"damage":21.0,"enemies":"Book of Stabbing","floor":28.0,"turns":6.0},{"damage":32.0,"enemies":"Slavers","floor":31.0,"turns":5.0},{"damage":43.0,"enemies":"Collector","floor":33.0,"turns":8.0},{"damage":22.0,"enemies":"3 Shapes","floor":35.0,"turns":3.0},{"damage":1.0,"enemies":"3 Darklings","floor":38.0,"turns":2.0},{"damage":19.0,"enemies":"Spire Growth","floor":39.0,"turns":5.0},{"damage":6.0,"enemies":"Nemesis","floor":41.0,"turns":5.0},{"damage":9.0,"enemies":"Sphere and 2 Shapes","floor":44.0,"turns":4.0},{"damage":21,"enemies":"Giant Head","floor":45,"turns":6},{"damage":16,"enemies":"Writhing Mass","floor":46,"turns":4},{"damage":8,"enemies":"Reptomancer","floor":48,"turns":5},{"damage":35,"enemies":"Awakened One","floor":50,"turns":7}],"seed_played":"1377467647172348237","potions_obtained":[{"floor":5.0,"key":"Block Potion"},{"floor":11.0,"key":"Weak Potion"},{"floor":12.0,"key":"Block Potion"},{"floor":14.0,"key":"Dexterity Potion"},{"floor":16.0,"key":"PowerPotion"},{"floor":20.0,"key":"Fruit Juice"},{"floor":23.0,"key":"Dexterity Potion"},{"floor":31.0,"key":"Fire Potion"},{"floor":33.0,"key":"DistilledChaos"},{"floor":48,"key":"CultistPotion"}],"is_trial":false,"path_per_floor":["M","M","$","?","M","E","R","E","T","R","E","M","M","M","R","B",null,"M","?","M","$","M","E","R","E","T","?","E","R","$","E","R","B",null,"M","?","?","M","M","R","E","$","T","M","E","M","T","E","R","B",null],"character_chosen":"IRONCLAD","items_purchased":["Cleave","Flame Barrier","SteroidPotion","Pommel Strike","Anger","Lee\u0027s Waffle","Spot Weakness"],"campfire_rested":2,"item_purchase_floors":[3,3,21,21,30,42,42],"current_hp_per_floor":[70,75,75,75,72,58,58,60,60,60,39,55,58,57,57,51,80,83,83,87,92,76,73,73,65,65,56,53,53,53,44,72,57,85,69,69,69,74,61,61,61,101,111,108,93,83,83,81,111,82],"gold":176,"neow_bonus":"TWENTY_PERCENT_HP_BONUS","is_prod":false,"is_daily":false,"chose_seed":false,"campfire_upgraded":6,"win_rate":0,"timestamp":1668653719,"path_taken":["M","M","$","?","M","E","R","E","T","R","E","?","M","M","R","BOSS","M","?","M","$","M","E","R","E","T","?","E","R","$","E","R","BOSS","M","?","?","M","M","R","E","$","T","M","E","M","?","E","R","BOSS"],"build_version":"2022-10-04","purchased_purges":3,"victory":true,"max_hp_per_floor":[89,89,89,89,89,89,89,89,89,89,89,89,89,89,89,89,89,89,89,89,94,94,94,94,94,94,94,94,94,94,94,94,94,94,94,94,94,94,94,94,94,101,111,111,111,111,111,111,111,111],"relic_stats":{"Darkstone Periapt":0,"Lee\u0027s Waffle":40,"Torii":64,"Happy Flower":[18],"counters":[29,146],"StoneCalendar":[52],"Pen Nib":[9],"Juzu Bracelet":0,"Burning Blood":174,"White Beast Statue":[0.0024998400000000014,0.0,0.10427520000000007,0.0,0.43920256000000024,0.0,0.38386560000000025,0.0,0.06894720000000004,0.0,0.0012096000000000008,10.842661171200007],"Pantograph":22,"Tiny Chest":1,"Kunai":[26],"obtain_stats":[{"Darkstone Periapt":41,"Lee\u0027s Waffle":42,"Pear":43,"Torii":11,"Happy Flower":28,"Oddly Smooth Stone":23,"Vajra":47,"StoneCalendar":27,"Pen Nib":31,"Juzu Bracelet":45,"Burning Blood":0,"White Beast Statue":8,"SlaversCollar":17,"Pantograph":27,"Tiny Chest":26,"Kunai":9,"Toy Ornithopter":25,"Red Skull":48,"Meat on the Bone":6,"Runic Pyramid":34},{"Darkstone Periapt":24,"Lee\u0027s Waffle":24,"Pear":24,"Torii":6,"Happy Flower":18,"Oddly Smooth Stone":14,"Vajra":27,"StoneCalendar":17,"Pen Nib":19,"Juzu Bracelet":26,"Burning Blood":0,"White Beast Statue":5,"SlaversCollar":10,"Pantograph":17,"Tiny Chest":15,"Kunai":5,"Toy Ornithopter":15,"Red Skull":28,"Meat on the Bone":4,"Runic Pyramid":20},{"Darkstone Periapt":120,"Lee\u0027s Waffle":120,"Pear":120,"Torii":26,"Happy Flower":92,"Oddly Smooth Stone":68,"Vajra":134,"StoneCalendar":86,"Pen Nib":97,"Juzu Bracelet":130,"Burning Blood":0,"White Beast Statue":21,"SlaversCollar":49,"Pantograph":86,"Tiny Chest":76,"Kunai":21,"Toy Ornithopter":76,"Red Skull":139,"Meat on the Bone":15,"Runic Pyramid":105}],"Toy Ornithopter":5,"Meat on the Bone":96},"card_choices":[{"not_picked":["Body Slam","Sever Soul"],"picked":"Thunderclap","floor":1.0},{"not_picked":["Reckless Charge","Metallicize"],"picked":"Blood for Blood","floor":2.0},{"not_picked":["Clothesline","Iron Wave"],"picked":"Battle Trance","floor":5.0},{"not_picked":["Clothesline","True Grit"],"picked":"Shockwave","floor":6.0},{"not_picked":["Wild Strike","Sword Boomerang"],"picked":"Feel No Pain","floor":8.0},{"not_picked":["Shockwave","Flame Barrier","Heavy Blade"],"picked":"SKIP","floor":11.0},{"not_picked":["Cleave","Seeing Red"],"picked":"Shrug It Off","floor":12.0},{"not_picked":["Intimidate","Flame Barrier"],"picked":"Spot Weakness","floor":13.0},{"not_picked":["Limit Break","Iron Wave"],"picked":"Second Wind","floor":14.0},{"not_picked":["Bludgeon","Barricade"],"picked":"Fiend Fire","floor":16.0},{"not_picked":["Shrug It Off","Sever Soul+1","Intimidate"],"picked":"SKIP","floor":18.0},{"not_picked":["Flex","Armaments"],"picked":"Shrug It Off","floor":20.0},{"not_picked":["Heavy Blade","Armaments"],"picked":"Combust+1","floor":22.0},{"not_picked":["Perfected Strike+1","Armaments"],"picked":"Dark Embrace","floor":23.0},{"not_picked":["Barricade","Thunderclap+1"],"picked":"Heavy Blade","floor":25.0},{"not_picked":["Rampage","Clash"],"picked":"Burning Pact","floor":27.0},{"not_picked":["Intimidate","Fire Breathing"],"picked":"Disarm","floor":28.0},{"not_picked":["Fire Breathing+1","Metallicize"],"picked":"Corruption","floor":31.0},{"not_picked":["Berserk","Immolate"],"picked":"Offering","floor":33.0},{"not_picked":["Iron Wave","Pommel Strike"],"picked":"Rupture","floor":35.0},{"not_picked":["Iron Wave","Heavy Blade+1","Body Slam"],"picked":"SKIP","floor":38.0},{"not_picked":["Pommel Strike","Clothesline"],"picked":"True Grit+1","floor":39.0},{"not_picked":["Body Slam","Second Wind+1"],"picked":"Sentinel+1","floor":41.0},{"not_picked":["Heavy Blade","Whirlwind"],"picked":"Dual Wield+1","floor":44.0},{"not_picked":["Entrench","Immolate","Iron Wave"],"picked":"SKIP","floor":45},{"not_picked":["Perfected Strike+1","Heavy Blade","Second Wind"],"picked":"SKIP","floor":46},{"not_picked":["Blood for Blood","Uppercut","True Grit"],"picked":"SKIP","floor":48}],"player_experience":5330420,"relics_obtained":[{"floor":6.0,"key":"Meat on the Bone"},{"floor":8.0,"key":"White Beast Statue"},{"floor":9.0,"key":"Kunai"},{"floor":11.0,"key":"Torii"},{"floor":23.0,"key":"Oddly Smooth Stone"},{"floor":25.0,"key":"Toy Ornithopter"},{"floor":26.0,"key":"Tiny Chest"},{"floor":27.0,"key":"StoneCalendar"},{"floor":27.0,"key":"Pantograph"},{"floor":28.0,"key":"Happy Flower"},{"floor":31.0,"key":"Pen Nib"},{"floor":41.0,"key":"Darkstone Periapt"},{"floor":43.0,"key":"Pear"},{"floor":45,"key":"Juzu Bracelet"},{"floor":47,"key":"Vajra"},{"floor":48,"key":"Red Skull"}],"event_choices":[{"cards_removed":["Strike_R"],"damage_healed":0.0,"max_hp_gain":0.0,"max_hp_loss":0.0,"gold_gain":0.0,"event_name":"Purifier","player_choice":"Purged","floor":4.0,"gold_loss":0.0,"damage_taken":0.0},{"damage_healed":0.0,"max_hp_gain":0.0,"max_hp_loss":0.0,"gold_gain":0.0,"event_name":"Ghosts","player_choice":"Ignored","floor":19.0,"gold_loss":0.0,"damage_taken":0.0},{"damage_healed":0.0,"max_hp_gain":0.0,"max_hp_loss":0.0,"gold_gain":0.0,"event_name":"Colosseum","player_choice":"Fight","floor":27.0,"gold_loss":0.0,"damage_taken":0.0},{"damage_healed":0.0,"max_hp_gain":0.0,"max_hp_loss":0.0,"gold_gain":0.0,"event_name":"Colosseum","player_choice":"Fought Nobs","floor":27.0,"gold_loss":0.0,"damage_taken":0.0},{"cards_removed":["Pommel Strike"],"damage_healed":0.0,"max_hp_gain":0.0,"max_hp_loss":0.0,"gold_gain":0.0,"event_name":"Falling","player_choice":"Removed Attack","floor":36.0,"gold_loss":0.0,"damage_taken":0.0},{"damage_healed":0.0,"max_hp_gain":0.0,"max_hp_loss":0.0,"gold_gain":0.0,"cards_transformed":["Strike_R"],"event_name":"Transmorgrifier","player_choice":"Transformed","floor":37.0,"gold_loss":0.0,"damage_taken":0.0,"cards_obtained":["Immolate"]}],"is_beta":false,"boss_relics":[{"not_picked":["Runic Cube","Black Star"],"picked":"SlaversCollar"},{"not_picked":["Calling Bell","Snecko Eye"],"picked":"Runic Pyramid"}],"items_purged_floors":[21,30,42],"is_endless":false,"potions_floor_spawned":[5,11,12,13,14,16,18,20,22,23,25,27,27,28,31,33,35,38,39,41,44,45,46,48],"ascension_level":15}