{"gold_per_floor":[119,135,135,147,166,166,199,199,223,253,8,43,43,43,43,122,122,142,142,170,185,198,198,224,4,4,4,39,52,77,77,77,150,150,162,212,230,158,178,204,204,19,19,19,50,50,79,93,93,93],"floor_reached":51,"playtime":1637,"items_purged":["Strike_R","Pain","Strike_R"],"score":1567,"play_id":"036f84db-c83f-47ab-ac74-592c17797bd0","local_time":"20221229114948","is_ascension_mode":true,"campfire_choices":[{"data":"Bash","floor":6.0,"key":"SMITH"},{"data":"Cleave","floor":8.0,"key":"SMITH"},{"data":"Spot Weakness","floor":15.0,"key":"SMITH"},{"data":"Shockwave","floor":23,"key":"SMITH"},{"data":"Offering","floor":27,"key":"SMITH"},{"data":"Limit Break","floor":32,"key":"SMITH"},{"data":"Rage","floor":41,"key":"SMITH"},{"data":"Flame Barrier","floor":44,"key":"SMITH"},{"floor":46,"key":"DIG"},{"data":"Dark Embrace","floor":49,"key":"SMITH"}],"neow_cost":"NONE","seed_source_timestamp":10280264315500,"circlet_count":0,"master_deck":["AscendersBane","Strike_R","Strike_R","Defend_R","Defend_R","Defend_R","Defend_R","Bash+1","Shrug It Off","Cleave+1","Rage+1","Wild Strike","Impervious","Spot Weakness+1","Flame Barrier+1","Pommel Strike+1","Offering+1","Second Wind","Whirlwind+1","Pummel+1","Shockwave+1","Clothesline+1","Limit Break+1","Impervious+1","Feed+1","CurseOfTheBell","Feel No Pain+1","Warcry+1","Shrug It Off+1","Ghostly Armor+1","Heavy Blade+1","True Grit+1","Dark Embrace+1","Heavy Blade+1"],"special_seed":0,"relics":["Burning Blood","Akabeko","Boot","Oddly Smooth Stone","Odd Mushroom","Molten Egg 2","Bronze Scales","Cursed Key","Bottled Flame","Red Mask","Centennial Puzzle","Membership Card","Vajra","Toxic Egg 2","Calling Bell","Bag of Marbles","The Courier","TungstenRod","Paper Frog","Potion Belt","Omamori","Meat on the Bone","Shovel","Bottled Tornado","StoneCalendar"],"potions_floor_usage":[24,28,33,45,47,50,50,50,50],"damage_taken":[{"damage":10.0,"enemies":"Small Slimes","floor":1.0,"turns":4.0},{"damage":12.0,"enemies":"2 Louse","floor":2.0,"turns":4.0},{"damage":1.0,"enemies":"Cultist","floor":4.0,"turns":3.0},{"damage":1.0,"enemies":"Looter","floor":5.0,"turns":4.0},{"damage":43.0,"enemies":"3 Sentries","floor":7.0,"turns":9.0},{"damage":0.0,"enemies":"The Mushroom Lair","floor":10.0,"turns":4.0},{"damage":20.0,"enemies":"Lagavulin","floor":12.0,"turns":5.0},{"damage":8.0,"enemies":"The Guardian","floor":16.0,"turns":14.0},{"damage":1.0,"enemies":"Shell Parasite","floor":18.0,"turns":4.0},{"damage":14,"enemies":"Masked Bandits","floor":20,"turns":4},{"damage":6,"enemies":"2 Thieves","floor":21,"turns":3},{"damage":8,"enemies":"3 Cultists","floor":22,"turns":3},{"damage":4,"enemies":"Book of Stabbing","floor":24,"turns":3},{"damage":0,"enemies":"Slavers","floor":28,"turns":5},{"damage":6,"enemies":"Snecko","floor":29,"turns":3},{"damage":10,"enemies":"Book of Stabbing","floor":30,"turns":4},{"damage":48,"enemies":"Champ","floor":33,"turns":11},{"damage":0,"enemies":"3 Darklings","floor":35,"turns":1},{"damage":5,"enemies":"Orb Walker","floor":37,"turns":2},{"damage":5,"enemies":"Maw","floor":39,"turns":6},{"damage":14,"enemies":"Reptomancer","floor":40,"turns":7},{"damage":7,"enemies":"Nemesis","floor":45,"turns":5},{"damage":5,"enemies":"Reptomancer","floor":47,"turns":7},{"damage":0,"enemies":"3 Darklings","floor":48,"turns":2},{"damage":14,"enemies":"Donu and Deca","floor":50,"turns":7}],"seed_played":"3483413142688811303","potions_obtained":[{"floor":4.0,"key":"Regen Potion"},{"floor":12.0,"key":"Weak Potion"},{"floor":24,"key":"SmokeBomb"},{"floor":28,"key":"LiquidBronze"},{"floor":29,"key":"BloodPotion"},{"floor":33,"key":"HeartOfIron"},{"floor":39,"key":"SkillPotion"},{"floor":45,"key":"EssenceOfSteel"},{"floor":48,"key":"SteroidPotion"}],"is_trial":false,"path_per_floor":["M","M","?","M","M","R","E","R","T","?","$","E","?","T","R","B",null,"M","T","?","M","M","R","E","$","T","R","E","M","E","?","R","B",null,"M","?","M","$","M","E","R","$","T","R","E","R","E","M","R","B",null],"character_chosen":"IRONCLAD","items_purchased":["Spot Weakness","Flame Barrier","AttackPotion","Membership Card","Block Potion","Shrug It Off+1","True Grit+1","Potion Belt","EssenceOfSteel","Omamori","Block Potion"],"campfire_rested":0,"item_purchase_floors":[11,11,11,25,25,38,42,42,42,42,42],"current_hp_per_floor":[71,65,60,65,70,70,33,33,33,39,39,39,44,44,44,42,76,81,81,73,73,71,71,73,73,73,73,79,79,75,75,75,50,78,84,84,89,89,94,86,86,86,86,86,89,89,90,96,96,92],"gold":93,"neow_bonus":"TEN_PERCENT_HP_BONUS","is_prod":false,"is_daily":false,"chose_seed":false,"campfire_upgraded":9,"win_rate":0,"timestamp":1672343388,"path_taken":["M","M","?","M","M","R","E","R","T","?","$","E","?","?","R","BOSS","M","?","?","M","M","R","E","$","T","R","E","M","E","?","R","BOSS","M","?","M","$","?","E","R","$","T","R","E","R","E","M","R","BOSS"],"build_version":"2022-12-18","purchased_purges":3,"victory":true,"max_hp_per_floor":[82,82,82,82,82,82,82,82,82,82,82,82,87,87,87,87,87,87,87,87,87,87,87,87,87,87,87,87,87,87,87,87,87,87,87,87,91,91,95,95,95,95,95,95,99,99,99,99,99,103],"relic_stats":{"counters":[25,124],"StoneCalendar":[0],"The Courier":426,"Omamori":1,"Bottled Tornado":"Feel No Pain","Boot":[25],"Cursed Key":2,"Burning Blood":150,"Bottled Flame":"Cleave","Centennial Puzzle":[27],"Shovel":1,"Bronze Scales":[258],"Membership Card":426,"obtain_stats":[{"Vajra":28,"StoneCalendar":47,"Bottled Tornado":46,"Boot":7,"Cursed Key":17,"Burning Blood":0,"Centennial Puzzle":24,"Shovel":45,"Red Mask":20,"Toxic Egg 2":30,"Paper Frog":40,"Potion Belt":42,"Oddly Smooth Stone":9,"The Courier":34,"Omamori":42,"Odd Mushroom":10,"Akabeko":3,"Calling Bell":34,"Bottled Flame":19,"Bronze Scales":14,"Molten Egg 2":12,"Bag of Marbles":34,"Membership Card":25,"TungstenRod":34,"Meat on the Bone":43},{"Vajra":14,"StoneCalendar":23,"Bottled Tornado":22,"Boot":5,"Cursed Key":8,"Burning Blood":0,"Centennial Puzzle":13,"Shovel":22,"Red Mask":10,"Toxic Egg 2":16,"Paper Frog":21,"Potion Belt":21,"Oddly Smooth Stone":5,"The Courier":17,"Omamori":21,"Odd Mushroom":6,"Akabeko":2,"Calling Bell":17,"Bottled Flame":9,"Bronze Scales":7,"Molten Egg 2":7,"Bag of Marbles":17,"Membership Card":13,"TungstenRod":17,"Meat on the Bone":21},{"Vajra":69,"StoneCalendar":115,"Bottled Tornado":108,"Boot":24,"Cursed Key":47,"Burning Blood":0,"Centennial Puzzle":64,"Shovel":108,"Red Mask":55,"Toxic Egg 2":76,"Paper Frog":103,"Potion Belt":103,"Oddly Smooth Stone":24,"The Courier":87,"Omamori":103,"Odd Mushroom":28,"Akabeko":8,"Calling Bell":87,"Bottled Flame":51,"Bronze Scales":33,"Molten Egg 2":33,"Bag of Marbles":87,"Membership Card":64,"TungstenRod":87,"Meat on the Bone":103}],"TungstenRod":10,"Meat on the Bone":0},"card_choices":[{"not_picked":["Warcry","Clash","Body Slam"],"picked":"SKIP","floor":1.0},{"not_picked":["Second Wind","Flex"],"picked":"Shrug It Off","floor":2.0},{"not_picked":["Body Slam","Intimidate"],"picked":"Cleave","floor":4.0},{"not_picked":["Intimidate","Burning Pact"],"picked":"Rage","floor":5.0},{"not_picked":["Heavy Blade","Power Through"],"picked":"Wild Strike","floor":7.0},{"not_picked":["Power Through","Dual Wield"],"picked":"Impervious","floor":10.0},{"not_picked":["Reckless Charge+1","Perfected Strike+1"],"picked":"Pommel Strike+1","floor":12.0},{"not_picked":["Juggernaut","Berserk"],"picked":"Offering","floor":16.0},{"not_picked":["Shrug It Off","Evolve"],"picked":"Second Wind","floor":18.0},{"not_picked":["Hemokinesis+1","Shrug It Off"],"picked":"Whirlwind+1","floor":20},{"not_picked":["Shrug It Off","Ghostly Armor"],"picked":"Pummel+1","floor":21},{"not_picked":["Seeing Red","Shrug It Off"],"picked":"Shockwave","floor":22},{"not_picked":["Shockwave","Havoc"],"picked":"Clothesline+1","floor":24},{"not_picked":["Anger+1","Sever Soul+1"],"picked":"Limit Break","floor":28},{"not_picked":["Havoc","Clothesline+1","Warcry"],"picked":"SKIP","floor":29},{"not_picked":["Pommel Strike+1","Dual Wield+1"],"picked":"Impervious+1","floor":30},{"not_picked":["Double Tap+1","Impervious+1"],"picked":"Feed+1","floor":33},{"not_picked":["Dropkick+1","Anger+1"],"picked":"Feel No Pain+1","floor":35},{"not_picked":["Second Wind+1","Iron Wave+1"],"picked":"Warcry+1","floor":37},{"not_picked":["Anger+1","Twin Strike+1"],"picked":"Ghostly Armor+1","floor":39},{"not_picked":["Offering+1","Ghostly Armor+1"],"picked":"Heavy Blade+1","floor":40},{"not_picked":["Whirlwind+1","Clothesline+1","Fire Breathing"],"picked":"SKIP","floor":45},{"not_picked":["Searing Blow+1","True Grit+1"],"picked":"Dark Embrace","floor":47},{"not_picked":["Thunderclap+1","Reckless Charge+1"],"picked":"Heavy Blade+1","floor":48}],"player_experience":5393319,"relics_obtained":[{"floor":7.0,"key":"Boot"},{"floor":9.0,"key":"Oddly Smooth Stone"},{"floor":10.0,"key":"Odd Mushroom"},{"floor":12.0,"key":"Molten Egg 2"},{"floor":14.0,"key":"Bronze Scales"},{"floor":19,"key":"Bottled Flame"},{"floor":20,"key":"Red Mask"},{"floor":24,"key":"Centennial Puzzle"},{"floor":28,"key":"Vajra"},{"floor":30,"key":"Toxic Egg 2"},{"floor":34,"key":"Bag of Marbles"},{"floor":34,"key":"The Courier"},{"floor":34,"key":"TungstenRod"},{"floor":40,"key":"Paper Frog"},{"floor":43,"key":"Meat on the Bone"},{"floor":45,"key":"Shovel"},{"floor":46,"key":"Bottled Tornado"},{"floor":47,"key":"StoneCalendar"}],"event_choices":[{"damage_healed":0.0,"max_hp_gain":0.0,"max_hp_loss":0.0,"gold_gain":0.0,"event_name":"Scrap Ooze","player_choice":"Success","floor":3.0,"gold_loss":0.0,"damage_taken":5.0,"relics_obtained":["Akabeko"]},{"damage_healed":0.0,"max_hp_gain":0.0,"max_hp_loss":0.0,"gold_gain":0.0,"event_name":"Mushrooms","player_choice":"Fought Mushrooms","floor":10.0,"gold_loss":0.0,"damage_taken":0.0},{"damage_healed":0.0,"max_hp_gain":5.0,"max_hp_loss":0.0,"gold_gain":0.0,"event_name":"Big Fish","player_choice":"Donut","floor":13.0,"gold_loss":0.0,"damage_taken":0.0},{"damage_healed":0,"gold_gain":0,"player_choice":"Fought Bandits","damage_taken":0,"max_hp_gain":0,"max_hp_loss":0,"event_name":"Masked Bandits","floor":20,"gold_loss":0},{"cards_removed":["Strike_R"],"damage_healed":0,"gold_gain":0,"player_choice":"Purged","damage_taken":0,"max_hp_gain":0,"max_hp_loss":0,"event_name":"Purifier","floor":31,"gold_loss":0},{"damage_healed":0,"gold_gain":50,"player_choice":"Pray","damage_taken":0,"max_hp_gain":0,"max_hp_loss":0,"event_name":"Golden Shrine","floor":36,"gold_loss":0}],"is_beta":false,"boss_relics":[{"not_picked":["Snecko Eye","Black Star"],"picked":"Cursed Key"},{"not_picked":["Astrolabe","Runic Dome"],"picked":"Calling Bell"}],"items_purged_floors":[11,25,38],"is_endless":false,"potions_floor_spawned":[4,12,20,24,28,29,33,39,45,48],"ascension_level":15}