{"gold_per_floor":[116,116,128,142,155,155,187,187,256,270,270,301,317,333,333,408,408,426,55,55,72,22,22,57,57,83,283,298,326,326,0,0,72,72,91,91,116,133,151,151,180,192,192,192,44,54,86,86,86,86,86],"floor_reached":52,"playtime":2170,"items_purged":["Anger","Strike_R","Strike_R"],"score":2270,"play_id":"b3915bf2-1db5-4062-a810-b9cce4398034","local_time":"20230126155612","is_ascension_mode":true,"campfire_choices":[{"data":"Hemokinesis","floor":6.0,"key":"SMITH"},{"data":"Armaments","floor":8.0,"key":"SMITH"},{"floor":15.0,"key":"REST"},{"data":"True Grit","floor":23.0,"key":"SMITH"},{"data":"Shockwave","floor":25.0,"key":"SMITH"},{"data":"Inflame","floor":30.0,"key":"SMITH"},{"floor":32.0,"key":"REST"},{"data":"Limit Break","floor":40.0,"key":"SMITH"},{"floor":49.0,"key":"REST"}],"neow_cost":"NONE","seed_source_timestamp":22825722739300,"circlet_count":0,"master_deck":["AscendersBane","Strike_R","Strike_R","Strike_R","Defend_R","Defend_R+1","Defend_R","Bash+1","Spot Weakness","Flame Barrier","Fiend Fire","Hemokinesis+1","Armaments+1","True Grit+1","Offering","Power Through+1","Pommel Strike","Corruption","Blood for Blood","Disarm","Shockwave+1","Inflame+1","Second Wind","Exhume","Disarm+1","Limit Break+1","Dual Wield","Rupture","Barricade"],"special_seed":0,"relics":["Burning Blood","Peace Pipe","Self Forming Clay","Regal Pillow","Snecko Eye","Membership Card","Bag of Preparation","Art of War","FaceOfCleric","Lantern","War Paint","Blood Vial","Mummified Hand","CaptainsWheel","Cursed Key","Lizard Tail","Strawberry","Bronze Scales"],"potions_floor_usage":[51,51],"damage_taken":[{"damage":19.0,"enemies":"Jaw Worm","floor":1.0,"turns":5.0},{"damage":7.0,"enemies":"Small Slimes","floor":3.0,"turns":3.0},{"damage":1.0,"enemies":"Cultist","floor":4.0,"turns":3.0},{"damage":1.0,"enemies":"Looter","floor":5.0,"turns":3.0},{"damage":29.0,"enemies":"3 Sentries","floor":7.0,"turns":8.0},{"damage":19.0,"enemies":"Red Slaver","floor":10.0,"turns":5.0},{"damage":6.0,"enemies":"Lagavulin","floor":12.0,"turns":3.0},{"damage":2.0,"enemies":"3 Louse","floor":13.0,"turns":3.0},{"damage":15.0,"enemies":"Exordium Thugs","floor":14.0,"turns":3.0},{"damage":30.0,"enemies":"The Guardian","floor":16.0,"turns":13.0},{"damage":6.0,"enemies":"Shell Parasite","floor":18.0,"turns":5.0},{"damage":8.0,"enemies":"2 Thieves","floor":21.0,"turns":2.0},{"damage":20.0,"enemies":"Gremlin Leader","floor":24.0,"turns":5.0},{"damage":11.0,"enemies":"Cultist and Chosen","floor":28.0,"turns":5.0},{"damage":6.0,"enemies":"Book of Stabbing","floor":29.0,"turns":4.0},{"damage":13.0,"enemies":"Collector","floor":33.0,"turns":7.0},{"damage":0.0,"enemies":"3 Shapes","floor":35.0,"turns":4.0},{"damage":6.0,"enemies":"Mind Bloom Boss Battle","floor":37.0,"turns":4.0},{"damage":6.0,"enemies":"3 Darklings","floor":38.0,"turns":4.0},{"damage":2.0,"enemies":"Sphere and 2 Shapes","floor":39.0,"turns":4.0},{"damage":14.0,"enemies":"Reptomancer","floor":41.0,"turns":4.0},{"damage":19.0,"enemies":"Jaw Worm Horde","floor":42.0,"turns":5.0},{"damage":15.0,"enemies":"4 Shapes","floor":46.0,"turns":5.0},{"damage":37.0,"enemies":"Giant Head","floor":47.0,"turns":6.0},{"damage":45,"enemies":"Donu and Deca","floor":50,"turns":8},{"damage":18,"enemies":"Awakened One","floor":51,"turns":6}],"seed_played":"6815903453492209509","potions_obtained":[{"floor":4.0,"key":"BlessingOfTheForge"},{"floor":7.0,"key":"ColorlessPotion"},{"floor":10.0,"key":"Explosive Potion"},{"floor":16.0,"key":"BlessingOfTheForge"},{"floor":28.0,"key":"LiquidBronze"},{"floor":37.0,"key":"Weak Potion"},{"floor":46.0,"key":"SteroidPotion"},{"floor":47.0,"key":"CultistPotion"}],"is_trial":false,"path_per_floor":["M","?","M","M","M","R","E","R","T","M","?","E","M","M","R","B",null,"M","$","?","M","$","R","E","R","T","?","M","E","R","$","R","B",null,"M","?","?","M","M","R","E","M","T","?","$","M","E","?","R","B","B",null],"character_chosen":"IRONCLAD","items_purchased":["Membership Card","Bag of Preparation","Art of War","Mummified Hand","CaptainsWheel","SpeedPotion","Dual Wield","Rupture"],"campfire_rested":3,"item_purchase_floors":[19,19,19,31,31,31,45,45],"current_hp_per_floor":[55,55,54,59,64,64,41,41,41,28,28,28,32,23,60,36,65,65,65,65,64,64,64,51,51,51,51,47,48,48,48,79,73,78,81,81,82,83,84,84,84,74,74,74,74,68,40,40,83,47,38],"gold":86,"neow_bonus":"UPGRADE_CARD","is_prod":false,"is_daily":false,"chose_seed":false,"campfire_upgraded":6,"win_rate":0,"timestamp":1674777372,"path_taken":["M","?","M","M","M","R","E","R","T","M","?","E","M","?","R","BOSS","M","$","?","?","$","R","E","R","T","?","?","E","R","?","R","BOSS","M","?","?","M","M","R","E","M","T","?","$","?","E","?","R","BOSS","BOSS"],"build_version":"2022-12-18","purchased_purges":3,"victory":true,"max_hp_per_floor":[75,75,75,75,75,75,75,75,75,75,75,75,75,75,75,75,75,75,75,75,76,76,76,77,77,77,77,78,79,79,79,79,80,80,81,81,82,83,84,84,92,93,93,93,93,94,95,95,95,96,97],"relic_stats":{"Regal Pillow":38,"counters":[26,127],"Self Forming Clay":[174],"Bag of Preparation":[30],"War Paint":["Defend_R","Power Through"],"Cursed Key":0,"Burning Blood":146,"Peace Pipe":0,"Blood Vial":12,"Lizard Tail":0,"FaceOfCleric":15,"Mummified Hand":[41],"Bronze Scales":[45],"Snecko Eye":[112,119,132,103,-60],"Art of War":[5],"Membership Card":721,"obtain_stats":[{"Regal Pillow":12,"Lantern":24,"Self Forming Clay":9,"Bag of Preparation":19,"War Paint":26,"Cursed Key":34,"Burning Blood":0,"Peace Pipe":7,"Blood Vial":29,"CaptainsWheel":31,"Lizard Tail":37,"FaceOfCleric":20,"Mummified Hand":31,"Strawberry":41,"Bronze Scales":47,"Snecko Eye":17,"Art of War":19,"Membership Card":19},{"Regal Pillow":7,"Lantern":13,"Self Forming Clay":5,"Bag of Preparation":11,"War Paint":13,"Cursed Key":16,"Burning Blood":0,"Peace Pipe":5,"Blood Vial":15,"CaptainsWheel":15,"Lizard Tail":18,"FaceOfCleric":11,"Mummified Hand":15,"Strawberry":21,"Bronze Scales":24,"Snecko Eye":10,"Art of War":11,"Membership Card":11},{"Regal Pillow":30,"Lantern":61,"Self Forming Clay":22,"Bag of Preparation":54,"War Paint":61,"Cursed Key":77,"Burning Blood":0,"Peace Pipe":22,"Blood Vial":70,"CaptainsWheel":70,"Lizard Tail":85,"FaceOfCleric":54,"Mummified Hand":70,"Strawberry":97,"Bronze Scales":113,"Snecko Eye":49,"Art of War":54,"Membership Card":54}]},"card_choices":[{"not_picked":["True Grit","Body Slam"],"picked":"Spot Weakness","floor":1.0},{"not_picked":["Havoc","Clash"],"picked":"Flame Barrier","floor":3.0},{"not_picked":["Twin Strike","Wild Strike"],"picked":"Fiend Fire","floor":4.0},{"not_picked":["Clash","Heavy Blade"],"picked":"Hemokinesis","floor":5.0},{"not_picked":["Sword Boomerang","Double Tap"],"picked":"Armaments","floor":7.0},{"not_picked":["Pommel Strike","Body Slam"],"picked":"True Grit","floor":10.0},{"not_picked":["Bloodletting","Armaments","Carnage"],"picked":"SKIP","floor":12.0},{"not_picked":["Wild Strike","Body Slam"],"picked":"Anger","floor":13.0},{"not_picked":["Clash","Clothesline"],"picked":"Pommel Strike","floor":14.0},{"not_picked":["Fiend Fire","Reaper"],"picked":"Corruption","floor":16.0},{"not_picked":["Warcry+1","Wild Strike"],"picked":"Blood for Blood","floor":18.0},{"not_picked":["Clash","Bloodletting"],"picked":"Disarm","floor":21.0},{"not_picked":["Iron Wave","Twin Strike"],"picked":"Shockwave","floor":24.0},{"not_picked":["Combust","Body Slam"],"picked":"Inflame","floor":28.0},{"not_picked":["Shrug It Off","Clothesline"],"picked":"Second Wind","floor":29.0},{"not_picked":["Immolate","Berserk"],"picked":"Exhume","floor":33.0},{"not_picked":["Dual Wield","Bloodletting","Headbutt"],"picked":"SKIP","floor":35.0},{"not_picked":["Havoc+1","Body Slam"],"picked":"Disarm+1","floor":38.0},{"not_picked":["Disarm","Second Wind"],"picked":"Limit Break","floor":39.0},{"not_picked":["True Grit","Infernal Blade","Clash"],"picked":"SKIP","floor":41.0},{"not_picked":["Clothesline","Iron Wave","Pommel Strike"],"picked":"SKIP","floor":42.0},{"not_picked":["Wild Strike","Armaments","Pommel Strike"],"picked":"SKIP","floor":46.0},{"not_picked":["Clothesline","Rage"],"picked":"Barricade","floor":47.0}],"player_experience":5465403,"relics_obtained":[{"floor":7.0,"key":"Peace Pipe"},{"floor":9.0,"key":"Self Forming Clay"},{"floor":12.0,"key":"Regal Pillow"},{"floor":24.0,"key":"Lantern"},{"floor":26.0,"key":"War Paint"},{"floor":29.0,"key":"Blood Vial"},{"floor":37.0,"key":"Lizard Tail"},{"floor":41.0,"key":"Strawberry"},{"floor":47.0,"key":"Bronze Scales"}],"event_choices":[{"damage_healed":0.0,"max_hp_gain":0.0,"max_hp_loss":0.0,"gold_gain":0.0,"event_name":"Liars Game","player_choice":"Ignored","floor":2.0,"gold_loss":0.0,"damage_taken":0.0},{"damage_healed":0.0,"max_hp_gain":0.0,"max_hp_loss":0.0,"gold_gain":0.0,"event_name":"Match and Keep!","player_choice":"2 cards matched","floor":11.0,"gold_loss":0.0,"damage_taken":0.0,"cards_obtained":["Offering","Power Through"]},{"damage_healed":0.0,"max_hp_gain":0.0,"max_hp_loss":0.0,"gold_gain":0.0,"event_name":"FaceTrader","player_choice":"Trade","floor":20.0,"gold_loss":0.0,"damage_taken":0.0,"relics_obtained":["FaceOfCleric"]},{"damage_healed":0.0,"max_hp_gain":0.0,"max_hp_loss":0.0,"gold_gain":250.0,"event_name":"The Joust","player_choice":"Bet on Owner","floor":27.0,"gold_loss":50.0,"damage_taken":0.0},{"damage_healed":0.0,"max_hp_gain":0.0,"max_hp_loss":0.0,"gold_gain":0.0,"event_name":"SensoryStone","player_choice":"Memory 1","floor":36.0,"gold_loss":0.0,"damage_taken":0.0},{"damage_healed":0.0,"max_hp_gain":0.0,"max_hp_loss":0.0,"gold_gain":0.0,"event_name":"MindBloom","player_choice":"Fight","floor":37.0,"gold_loss":0.0,"damage_taken":0.0},{"damage_healed":0.0,"max_hp_gain":0.0,"max_hp_loss":0.0,"gold_gain":0.0,"event_name":"Tomb of Lord Red Mask","player_choice":"Ignored","floor":44.0,"gold_loss":0.0,"damage_taken":0.0},{"cards_removed":["Defend_R"],"damage_healed":0.0,"max_hp_gain":0.0,"max_hp_loss":0.0,"gold_gain":0.0,"event_name":"Falling","player_choice":"Removed Skill","floor":48.0,"gold_loss":0.0,"damage_taken":0.0}],"is_beta":false,"boss_relics":[{"not_picked":["SlaversCollar","Fusion Hammer"],"picked":"Snecko Eye"},{"not_picked":["Mark of Pain","Pandora\u0027s Box"],"picked":"Cursed Key"}],"items_purged_floors":[19,22,45],"is_endless":false,"potions_floor_spawned":[4,7,10,16,24,28,37,46,47],"ascension_level":20}