{"gold_per_floor":[114,114,130,130,150,150,179,10,59,81,101,134,180,206,206,206],"floor_reached":16,"playtime":419,"items_purged":[],"score":220,"play_id":"9d1bb3d8-d822-499a-bf91-ade01ada5277","local_time":"20230125194614","is_ascension_mode":true,"campfire_choices":[{"data":"Clothesline","floor":6.0,"key":"SMITH"},{"data":"Anger","floor":15.0,"key":"SMITH"}],"neow_cost":"NONE","seed_source_timestamp":40958556848500,"circlet_count":0,"master_deck":["AscendersBane","Strike_R","Strike_R","Strike_R","Strike_R","Strike_R","Defend_R","Defend_R+1","Defend_R","Defend_R+1","Bash+1","Clothesline+1","Dark Embrace","Iron Wave","Battle Trance","Reaper","Flame Barrier","Shrug It Off","Anger+1","Burning Pact"],"special_seed":0,"relics":["Burning Blood","NeowsBlessing","Bag of Marbles","War Paint","Odd Mushroom","Pear","CeramicFish"],"potions_floor_usage":[],"damage_taken":[{"damage":0.0,"enemies":"2 Louse","floor":1.0,"turns":1.0},{"damage":0.0,"enemies":"Cultist","floor":3.0,"turns":1.0},{"damage":0.0,"enemies":"Jaw Worm","floor":5.0,"turns":1.0},{"damage":32.0,"enemies":"3 Sentries","floor":7.0,"turns":11.0},{"damage":29.0,"enemies":"The Mushroom Lair","floor":10.0,"turns":4.0},{"damage":2.0,"enemies":"Red Slaver","floor":11.0,"turns":3.0},{"damage":11.0,"enemies":"Gremlin Nob","floor":12.0,"turns":3.0},{"damage":3.0,"enemies":"Blue Slaver","floor":14.0,"turns":4.0},{"damage":62,"enemies":"Slime Boss","floor":16,"turns":8}],"seed_played":"-8592741888092827006","potions_obtained":[{"floor":3.0,"key":"EssenceOfSteel"},{"floor":5.0,"key":"SteroidPotion"},{"floor":7.0,"key":"Ancient Potion"}],"is_trial":false,"path_per_floor":["M","?","M","?","M","R","E","$","T","?","M","E","T","M","R","B"],"character_chosen":"IRONCLAD","items_purchased":["Reaper"],"campfire_rested":0,"item_purchase_floors":[8],"current_hp_per_floor":[74,74,75,75,75,75,49,49,49,34,38,43,43,52,52,0],"gold":206,"neow_bonus":"THREE_ENEMY_KILL","is_prod":false,"is_daily":false,"chose_seed":false,"campfire_upgraded":2,"win_rate":0,"timestamp":1674704774,"path_taken":["M","?","M","?","?","R","E","$","T","?","M","E","?","M","R","BOSS"],"build_version":"2022-12-18","purchased_purges":0,"victory":false,"max_hp_per_floor":[75,75,75,75,75,75,75,75,75,75,75,85,85,85,85,85],"relic_stats":{"counters":[9,36],"CeramicFish":9,"War Paint":["Defend_R","Defend_R"],"obtain_stats":[{"Pear":12,"NeowsBlessing":0,"CeramicFish":13,"Bag of Marbles":7,"War Paint":9,"Odd Mushroom":10,"Burning Blood":0},{"Pear":7,"NeowsBlessing":0,"CeramicFish":7,"Bag of Marbles":4,"War Paint":4,"Odd Mushroom":5,"Burning Blood":0},{"Pear":24,"NeowsBlessing":0,"CeramicFish":24,"Bag of Marbles":14,"War Paint":14,"Odd Mushroom":18,"Burning Blood":0}],"Burning Blood":37},"card_choices":[{"not_picked":["Clash","Shrug It Off"],"picked":"Clothesline","floor":1.0},{"not_picked":["Warcry","Dark Embrace","Perfected Strike"],"picked":"SKIP","floor":3.0},{"not_picked":["Warcry","Perfected Strike"],"picked":"Dark Embrace","floor":3.0},{"not_picked":["True Grit","Burning Pact"],"picked":"Iron Wave","floor":5.0},{"not_picked":["Reckless Charge","Heavy Blade"],"picked":"Battle Trance","floor":7.0},{"not_picked":["Bludgeon","Battle Trance"],"picked":"Flame Barrier","floor":10.0},{"not_picked":["Reckless Charge","Second Wind"],"picked":"Shrug It Off","floor":11.0},{"not_picked":["Rampage","Havoc"],"picked":"Anger","floor":12.0},{"not_picked":["Pommel Strike","Rampage"],"picked":"Burning Pact","floor":14.0}],"player_experience":5464984,"relics_obtained":[{"floor":7.0,"key":"Bag of Marbles"},{"floor":9.0,"key":"War Paint"},{"floor":10.0,"key":"Odd Mushroom"},{"floor":12.0,"key":"Pear"},{"floor":13.0,"key":"CeramicFish"}],"event_choices":[{"damage_healed":0.0,"max_hp_gain":0.0,"max_hp_loss":0.0,"gold_gain":0.0,"event_name":"Living Wall","player_choice":"Grow","floor":2.0,"gold_loss":0.0,"damage_taken":0.0,"cards_upgraded":["Bash"]},{"damage_healed":0.0,"max_hp_gain":0.0,"max_hp_loss":0.0,"gold_gain":0.0,"event_name":"Match and Keep!","player_choice":"0 cards matched","floor":4.0,"gold_loss":0.0,"damage_taken":0.0,"cards_obtained":[]},{"damage_healed":0.0,"max_hp_gain":0.0,"max_hp_loss":0.0,"gold_gain":0.0,"event_name":"Mushrooms","player_choice":"Fought Mushrooms","floor":10.0,"gold_loss":0.0,"damage_taken":0.0}],"is_beta":false,"boss_relics":[],"items_purged_floors":[],"is_endless":false,"potions_floor_spawned":[3,5,7,11],"killed_by":"Slime Boss","ascension_level":20}