{"gold_per_floor":[118,136,116,134,153,179,194,194,194,244,254,266,293,306,306,306],"floor_reached":16,"playtime":432,"items_purged":[],"score":203,"play_id":"dbf0fd38-ae26-4ede-a393-1a4e6c72a960","local_time":"20230406193743","is_ascension_mode":true,"campfire_choices":[{"data":"Whirlwind","floor":8,"key":"SMITH"},{"data":"Combust","floor":15,"key":"SMITH"}],"neow_cost":"NONE","seed_source_timestamp":42631051518400,"circlet_count":0,"master_deck":["AscendersBane","Strike_R","Strike_R","Strike_R","Strike_R","Strike_R","Defend_R","Defend_R","Defend_R","Defend_R","Bash+1","Cleave","True Grit","Metallicize","Hemokinesis","Whirlwind+1","Armaments","Ghostly Armor","Combust+1"],"relics":["Burning Blood","Dream Catcher","Self Forming Clay","Blue Candle"],"potions_floor_usage":[5,6,13,16],"damage_taken":[{"damage":7,"enemies":"Jaw Worm","floor":1,"turns":3},{"damage":6,"enemies":"Cultist","floor":2,"turns":4},{"damage":3,"enemies":"Small Slimes","floor":4,"turns":3},{"damage":10,"enemies":"Gremlin Gang","floor":5,"turns":5},{"damage":23,"enemies":"Gremlin Nob","floor":6,"turns":4},{"damage":7,"enemies":"Looter","floor":7,"turns":3},{"damage":0,"enemies":"Lots of Slimes","floor":11,"turns":1},{"damage":16,"enemies":"Exordium Thugs","floor":12,"turns":5},{"damage":20,"enemies":"Lagavulin","floor":13,"turns":7},{"damage":1,"enemies":"Looter","floor":14,"turns":4},{"damage":35,"enemies":"Slime Boss","floor":16,"turns":3}],"seed_played":"5807442837234477887","potions_obtained":[{"floor":1,"key":"Strength Potion"},{"floor":3,"key":"EssenceOfSteel"},{"floor":7,"key":"HeartOfIron"},{"floor":12,"key":"SkillPotion"},{"floor":14,"key":"ColorlessPotion"}],"is_trial":false,"path_per_floor":["M","M","?","M","M","E","M","R","T","?","M","M","E","M","R","B"],"character_chosen":"IRONCLAD","basemod:card_modifiers":[null,null,null,null,null,null,null,null,null,null,null,null,null,null,null,null,null,null,null],"items_purchased":[],"campfire_rested":0,"item_purchase_floors":[],"current_hp_per_floor":[67,67,67,70,66,49,48,48,48,48,54,44,30,35,35,0],"gold":306,"neow_bonus":"UPGRADE_CARD","is_prod":false,"is_daily":false,"chose_seed":false,"campfire_upgraded":2,"win_rate":0,"timestamp":1680835063,"path_taken":["M","M","?","?","M","E","M","R","T","?","?","M","E","M","R","BOSS"],"build_version":"2022-12-18","purchased_purges":0,"victory":false,"max_hp_per_floor":[75,75,75,75,75,75,75,75,75,75,75,75,75,75,75,75],"relic_stats":{"Dream Catcher":0,"counters":[11,42],"Self Forming Clay":[27],"Blue Candle":[0],"obtain_stats":[{"Dream Catcher":6,"Self Forming Clay":9,"Blue Candle":13,"Burning Blood":0},{"Dream Catcher":5,"Self Forming Clay":6,"Blue Candle":9,"Burning Blood":0},{"Dream Catcher":19,"Self Forming Clay":22,"Blue Candle":35,"Burning Blood":0}],"Burning Blood":60},"card_choices":[{"not_picked":["Seeing Red","Shrug It Off"],"picked":"Cleave","floor":1},{"not_picked":["Warcry","Flex"],"picked":"True Grit","floor":2},{"not_picked":["Perfected Strike","True Grit"],"picked":"Metallicize","floor":4},{"not_picked":["Shrug It Off","Fire Breathing"],"picked":"Hemokinesis","floor":5},{"not_picked":["Searing Blow","Blood for Blood"],"picked":"Whirlwind","floor":6},{"not_picked":["Clash","Rampage"],"picked":"Armaments","floor":7},{"not_picked":["Evolve","Rage"],"picked":"Ghostly Armor","floor":11},{"not_picked":["Armaments","Dropkick","Havoc"],"picked":"SKIP","floor":12},{"not_picked":["Armaments","Evolve"],"picked":"Combust","floor":13},{"not_picked":["Armaments","Searing Blow","Intimidate"],"picked":"SKIP","floor":14}],"player_experience":5542840,"relics_obtained":[{"floor":6,"key":"Dream Catcher"},{"floor":9,"key":"Self Forming Clay"},{"floor":13,"key":"Blue Candle"}],"event_choices":[{"damage_healed":0,"gold_gain":0,"player_choice":"Bought 1 Potion","damage_taken":0,"max_hp_gain":0,"max_hp_loss":0,"event_name":"The Woman in Blue","floor":3,"gold_loss":0},{"damage_healed":0,"gold_gain":50,"player_choice":"Pray","damage_taken":0,"max_hp_gain":0,"max_hp_loss":0,"event_name":"Golden Shrine","floor":10,"gold_loss":0}],"is_beta":false,"boss_relics":[],"items_purged_floors":[],"is_endless":false,"potions_floor_spawned":[1,7,12,14],"killed_by":"Slime Boss","ascension_level":15}