{"gold_per_floor":[118,131,181,28,38,52,52,79,79,105,122,152,152,216,216,295,295,310,2,2,18,34,66,66,93,93,109,109,119,39,69,69,147,147,159,178,1177,1192,95,120,133,153,153,188,188,222,88,108,108,108],"floor_reached":51,"playtime":1782,"items_purged":["Strike_R","Strike_R","Strike_R"],"score":1730,"play_id":"9e2ab119-b34b-4f95-a6b4-abfbdfe08382","local_time":"20230416190749","is_ascension_mode":true,"campfire_choices":[{"data":"Headbutt","floor":7.0,"key":"SMITH"},{"data":"Whirlwind","floor":13.0,"key":"SMITH"},{"data":"Offering","floor":15.0,"key":"SMITH"},{"data":"Spot Weakness","floor":28.0,"key":"SMITH"},{"data":"Shockwave","floor":32.0,"key":"SMITH"},{"floor":49.0,"key":"RECALL"}],"neow_cost":"NONE","seed_source_timestamp":80641147909800,"circlet_count":0,"master_deck":["AscendersBane","Strike_R","Defend_R","Defend_R+1","Defend_R","Defend_R","Bash+1","Heavy Blade","Power Through","Headbutt+1","Rampage","Feel No Pain","Second Wind","Whirlwind+1","Offering+1","Corruption","Armaments+1","Dark Embrace","Second Wind+1","True Grit+1","Shockwave+1","Spot Weakness+1","Burning Pact","Demon Form","Flex+1","Shrug It Off+1","Sentinel","Sword Boomerang","Reaper"],"special_seed":0,"relics":["Burning Blood","Sling","Shuriken","Gremlin Horn","Akabeko","Omamori","Snecko Eye","Chemical X","The Courier","MutagenicStrength","Singing Bowl","Eternal Feather","Juzu Bracelet","Fusion Hammer","Red Skull","Toy Ornithopter","Boot","Letter Opener","Blood Vial","Matryoshka","Bronze Scales","Anchor","CeramicFish","Ice Cream","War Paint","Darkstone Periapt","Bag of Preparation"],"potions_floor_usage":[50,50,50,50],"damage_taken":[{"damage":1.0,"enemies":"Cultist","floor":1.0,"turns":3.0},{"damage":0.0,"enemies":"2 Louse","floor":2.0,"turns":3.0},{"damage":7.0,"enemies":"Jaw Worm","floor":5.0,"turns":3.0},{"damage":12.0,"enemies":"Looter","floor":6.0,"turns":3.0},{"damage":5.0,"enemies":"3 Sentries","floor":8.0,"turns":6.0},{"damage":16.0,"enemies":"Gremlin Nob","floor":10.0,"turns":3.0},{"damage":8.0,"enemies":"Exordium Thugs","floor":11.0,"turns":5.0},{"damage":13.0,"enemies":"3 Sentries","floor":12.0,"turns":7.0},{"damage":10.0,"enemies":"3 Sentries","floor":14.0,"turns":3.0},{"damage":6.0,"enemies":"Slime Boss","floor":16.0,"turns":5.0},{"damage":2.0,"enemies":"2 Thieves","floor":18.0,"turns":2.0},{"damage":0.0,"enemies":"Shell Parasite","floor":21.0,"turns":1.0},{"damage":6.0,"enemies":"Shelled Parasite and Fungi","floor":22.0,"turns":3.0},{"damage":0.0,"enemies":"Gremlin Leader","floor":23.0,"turns":3.0},{"damage":21.0,"enemies":"Book of Stabbing","floor":25.0,"turns":4.0},{"damage":0.0,"enemies":"Centurion and Healer","floor":27.0,"turns":2.0},{"damage":0.0,"enemies":"Chosen and Byrds","floor":29.0,"turns":3.0},{"damage":0.0,"enemies":"Gremlin Leader","floor":31.0,"turns":3.0},{"damage":9.0,"enemies":"Collector","floor":33.0,"turns":5.0},{"damage":3.0,"enemies":"Orb Walker","floor":35.0,"turns":2.0},{"damage":0.0,"enemies":"3 Darklings","floor":36.0,"turns":1.0},{"damage":6.0,"enemies":"Maw","floor":38.0,"turns":5.0},{"damage":7.0,"enemies":"Giant Head","floor":40.0,"turns":5.0},{"damage":28.0,"enemies":"Writhing Mass","floor":41.0,"turns":3.0},{"damage":9.0,"enemies":"Jaw Worm Horde","floor":42.0,"turns":2.0},{"damage":2.0,"enemies":"Nemesis","floor":44.0,"turns":3.0},{"damage":0.0,"enemies":"Reptomancer","floor":46.0,"turns":2.0},{"damage":6.0,"enemies":"Spire Growth","floor":48.0,"turns":3.0},{"damage":63,"enemies":"Donu and Deca","floor":50,"turns":5}],"seed_played":"5866096106391806278","potions_obtained":[{"floor":1.0,"key":"FearPotion"},{"floor":2.0,"key":"ElixirPotion"},{"floor":5.0,"key":"Energy Potion"},{"floor":10.0,"key":"EntropicBrew"},{"floor":16.0,"key":"Fire Potion"},{"floor":22.0,"key":"BlessingOfTheForge"},{"floor":25.0,"key":"BloodPotion"},{"floor":27.0,"key":"BlessingOfTheForge"},{"floor":33.0,"key":"LiquidMemories"},{"floor":42.0,"key":"PowerPotion"}],"is_trial":false,"path_per_floor":["M","M","?","$","M","M","R","E","T","E","M","E","R","?","R","B",null,"M","$","?","M","M","E","?","E","T","M","R","M","$","E","R","B",null,"M","M","?","M","$","E","M","M","T","E","?","E","$","M","R","B",null],"character_chosen":"IRONCLAD","basemod:card_modifiers":[null,null,null,null,null,null,null,null,null,null,null,null,null,null,null,null,null,null,null,null,null,null,null,null,null,null,null,null,null],"items_purchased":["Sling","Chemical X","Dark Embrace","Red Skull","Toy Ornithopter","Boot","Letter Opener","Blood Vial","Matryoshka","Bronze Scales","Bag of Preparation","Sword Boomerang"],"campfire_rested":0,"item_purchase_floors":[4,19,19,39,39,39,39,39,39,39,47,47],"current_hp_per_floor":[73,75,68,68,67,61,61,62,62,52,50,43,43,39,39,39,66,70,70,70,75,75,75,75,60,60,75,75,77,77,79,79,76,78,81,83,83,83,83,82,61,67,67,75,75,85,85,87,89,80],"gold":108,"neow_bonus":"UPGRADE_CARD","is_prod":false,"is_daily":false,"chose_seed":false,"campfire_upgraded":5,"win_rate":0,"timestamp":1681697269,"path_taken":["M","M","?","$","?","M","R","E","T","E","M","E","R","?","R","BOSS","M","$","?","M","M","E","?","E","T","M","R","?","$","E","R","BOSS","M","M","?","M","$","E","M","M","T","E","?","E","?","M","R","BOSS"],"build_version":"2022-12-18","purchased_purges":3,"victory":true,"max_hp_per_floor":[75,75,75,75,75,75,75,75,75,75,75,75,75,75,75,75,75,75,75,75,75,75,75,75,75,75,75,75,77,77,79,79,79,79,81,83,83,83,83,83,83,85,85,87,87,89,89,89,89,89],"relic_stats":{"Ice Cream":[2],"Darkstone Periapt":0,"Gremlin Horn":[17,17],"Singing Bowl":14,"counters":[29,98],"CeramicFish":18,"Eternal Feather":2,"The Courier":329,"Omamori":2,"Juzu Bracelet":1,"Bag of Preparation":[4],"Letter Opener":[37],"War Paint":["Shrug It Off","Defend_R"],"Boot":[11],"Burning Blood":143,"Blood Vial":9,"Matryoshka":1,"Shuriken":[14],"Bronze Scales":[45],"Snecko Eye":[83,93,101,94,-111],"Chemical X":[29],"obtain_stats":[{"Ice Cream":43,"Darkstone Periapt":46,"Gremlin Horn":9,"Singing Bowl":25,"CeramicFish":43,"Juzu Bracelet":31,"Bag of Preparation":47,"Sling":4,"Boot":39,"Burning Blood":0,"Blood Vial":39,"Matryoshka":39,"Fusion Hammer":34,"Chemical X":19,"Red Skull":39,"Eternal Feather":26,"The Courier":23,"Omamori":14,"Letter Opener":39,"War Paint":44,"Akabeko":12,"Anchor":40,"Shuriken":8,"MutagenicStrength":24,"Bronze Scales":39,"Snecko Eye":17,"Toy Ornithopter":39},{"Ice Cream":25,"Darkstone Periapt":27,"Gremlin Horn":5,"Singing Bowl":15,"CeramicFish":25,"Juzu Bracelet":18,"Bag of Preparation":27,"Sling":2,"Boot":22,"Burning Blood":0,"Blood Vial":22,"Matryoshka":22,"Fusion Hammer":19,"Chemical X":11,"Red Skull":22,"Eternal Feather":15,"The Courier":14,"Omamori":9,"Letter Opener":22,"War Paint":26,"Akabeko":8,"Anchor":23,"Shuriken":5,"MutagenicStrength":14,"Bronze Scales":22,"Snecko Eye":10,"Toy Ornithopter":22},{"Ice Cream":85,"Darkstone Periapt":90,"Gremlin Horn":18,"Singing Bowl":54,"CeramicFish":85,"Juzu Bracelet":62,"Bag of Preparation":90,"Sling":6,"Boot":75,"Burning Blood":0,"Blood Vial":75,"Matryoshka":75,"Fusion Hammer":67,"Chemical X":43,"Red Skull":75,"Eternal Feather":54,"The Courier":50,"Omamori":36,"Letter Opener":75,"War Paint":88,"Akabeko":33,"Anchor":80,"Shuriken":18,"MutagenicStrength":50,"Bronze Scales":75,"Snecko Eye":41,"Toy Ornithopter":75}],"Toy Ornithopter":16},"card_choices":[{"not_picked":["Evolve","Thunderclap","Warcry"],"picked":"SKIP","floor":1.0},{"not_picked":["Intimidate","Shrug It Off"],"picked":"Heavy Blade","floor":2.0},{"not_picked":["Pommel Strike","True Grit"],"picked":"Power Through","floor":5.0},{"not_picked":["Heavy Blade","Thunderclap"],"picked":"Headbutt","floor":6.0},{"not_picked":["True Grit","Warcry"],"picked":"Rampage","floor":8.0},{"not_picked":["Power Through","Combust"],"picked":"Feel No Pain","floor":10.0},{"not_picked":["Fire Breathing","Wild Strike"],"picked":"Second Wind","floor":11.0},{"not_picked":["Cleave","Intimidate"],"picked":"Whirlwind","floor":12.0},{"not_picked":["Headbutt","Fire Breathing"],"picked":"Offering","floor":14.0},{"not_picked":["Berserk","Immolate"],"picked":"Corruption","floor":16.0},{"not_picked":["Seeing Red","Inflame"],"picked":"Armaments+1","floor":18.0},{"not_picked":["Whirlwind","Rampage"],"picked":"Second Wind+1","floor":21.0},{"not_picked":["Havoc","Warcry"],"picked":"True Grit+1","floor":22.0},{"not_picked":["Rampage+1","Flame Barrier"],"picked":"Shockwave","floor":23.0},{"not_picked":["Intimidate","Feel No Pain"],"picked":"Spot Weakness","floor":25.0},{"not_picked":["Heavy Blade","Warcry"],"picked":"Burning Pact","floor":27.0},{"not_picked":["Clothesline","Body Slam","Iron Wave"],"picked":"Singing Bowl","floor":29.0},{"not_picked":["Seeing Red","Iron Wave","Cleave"],"picked":"Singing Bowl","floor":31.0},{"not_picked":["Corruption","Offering"],"picked":"Demon Form","floor":33.0},{"not_picked":["Clash","Second Wind","Dropkick"],"picked":"Singing Bowl","floor":35.0},{"not_picked":["Bloodletting","Warcry","Intimidate+1"],"picked":"Singing Bowl","floor":36.0},{"not_picked":["Perfected Strike","Disarm"],"picked":"Flex+1","floor":38.0},{"not_picked":["Sentinel","Searing Blow+1"],"picked":"Shrug It Off","floor":40.0},{"not_picked":["Clothesline+1","Searing Blow+1"],"picked":"Sentinel","floor":41.0},{"not_picked":["Sentinel","Perfected Strike","Heavy Blade"],"picked":"Singing Bowl","floor":42.0},{"not_picked":["Warcry","Whirlwind","Iron Wave"],"picked":"Singing Bowl","floor":44.0},{"not_picked":["True Grit","Wild Strike+1","Blood for Blood"],"picked":"Singing Bowl","floor":46.0},{"not_picked":["Thunderclap","Flex+1"],"picked":"Reaper","floor":48.0}],"player_experience":5559085,"relics_obtained":[{"floor":8.0,"key":"Shuriken"},{"floor":9.0,"key":"Gremlin Horn"},{"floor":12.0,"key":"Akabeko"},{"floor":14.0,"key":"Omamori"},{"floor":23.0,"key":"The Courier"},{"floor":25.0,"key":"Singing Bowl"},{"floor":26.0,"key":"Eternal Feather"},{"floor":31.0,"key":"Juzu Bracelet"},{"floor":40.0,"key":"Anchor"},{"floor":43.0,"key":"CeramicFish"},{"floor":43.0,"key":"Ice Cream"},{"floor":44.0,"key":"War Paint"},{"floor":46.0,"key":"Darkstone Periapt"}],"event_choices":[{"damage_healed":0.0,"max_hp_gain":0.0,"max_hp_loss":0.0,"gold_gain":50.0,"event_name":"FaceTrader","player_choice":"Touch","floor":3.0,"gold_loss":0.0,"damage_taken":7.0},{"damage_healed":0.0,"max_hp_gain":0.0,"max_hp_loss":0.0,"gold_gain":0.0,"event_name":"Dead Adventurer","player_choice":"Searched \u00272\u0027 times","floor":14.0,"gold_loss":0.0,"damage_taken":0.0},{"damage_healed":0.0,"max_hp_gain":0.0,"max_hp_loss":0.0,"gold_gain":0.0,"event_name":"Vampires","player_choice":"Ignored","floor":20.0,"gold_loss":0.0,"damage_taken":0.0},{"damage_healed":0.0,"max_hp_gain":0.0,"max_hp_loss":0.0,"gold_gain":0.0,"event_name":"Drug Dealer","player_choice":"Inject Mutagens","floor":24.0,"gold_loss":0.0,"damage_taken":0.0,"relics_obtained":["MutagenicStrength"]},{"damage_healed":0.0,"max_hp_gain":0.0,"max_hp_loss":0.0,"gold_gain":999.0,"event_name":"MindBloom","player_choice":"Gold","floor":37.0,"gold_loss":0.0,"damage_taken":0.0,"cards_obtained":["Normality","Normality"]},{"cards_removed":["Strike_R"],"damage_healed":0.0,"max_hp_gain":0.0,"max_hp_loss":0.0,"gold_gain":0.0,"event_name":"Purifier","player_choice":"Purged","floor":45.0,"gold_loss":0.0,"damage_taken":0.0}],"is_beta":false,"boss_relics":[{"not_picked":["Pandora\u0027s Box","Empty Cage"],"picked":"Snecko Eye"},{"not_picked":["Runic Dome","Runic Cube"],"picked":"Fusion Hammer"}],"items_purged_floors":[19,30,39],"is_endless":false,"potions_floor_spawned":[1,2,5,10,16,22,25,27,31,33,38,40,42,44,48],"ascension_level":15}