{"gold_per_floor":[117,117,117,42,61,61,96,96,96,139,139,182,48,61,61,159,159,180,194,194,157,171,202,202,241,268,268,291,316,116,116,116,209,209,232,248,248,248,28,69,94,138,138,174,174,210,231,34,34,34],"floor_reached":51,"playtime":2018,"items_purged":["Strike_R","Strike_R","Strike_R","Strike_R","Rampage+1"],"score":1552,"play_id":"53998497-1462-4f42-9722-9118c8a77647","local_time":"20230505192324","is_ascension_mode":true,"campfire_choices":[{"data":"Inflame","floor":6,"key":"SMITH"},{"data":"Bash","floor":8,"key":"SMITH"},{"data":"Shockwave","floor":15,"key":"SMITH"},{"floor":24,"key":"REST"},{"data":"Feed","floor":27,"key":"SMITH"},{"data":"Rage","floor":32,"key":"SMITH"},{"data":"Spot Weakness","floor":45,"key":"SMITH"},{"data":"Dark Embrace","floor":49,"key":"SMITH"}],"neow_cost":"NONE","seed_source_timestamp":174724702733500,"circlet_count":0,"master_deck":["AscendersBane","Defend_R","Defend_R","Defend_R","Defend_R","Bash+1","Inflame+1","Impervious","Sword Boomerang","Rage+1","Shockwave+1","Flash of Steel","Spot Weakness+1","Feed+1","Feel No Pain","Dropkick","Ghostly Armor","Sword Boomerang","Cleave","Havoc+1","Impervious","Pommel Strike","Dark Embrace+1","Dual Wield","Warcry+1","Reaper","True Grit+1","Burning Pact"],"special_seed":0,"relics":["Burning Blood","NeowsBlessing","Golden Idol","Pen Nib","Smiling Mask","Blue Candle","Omamori","Ornamental Fan","Philosopher\u0027s Stone","Strawberry","Blood Vial","Juzu Bracelet","Lee\u0027s Waffle","Coffee Dripper","WarpedTongs","Prayer Wheel","Letter Opener","Pantograph","HornCleat","Centennial Puzzle","Ancient Tea Set"],"potions_floor_usage":[22,23,25,33,42,44,50,50,50,50],"damage_taken":[{"damage":0.0,"enemies":"Jaw Worm","floor":1.0,"turns":1.0},{"damage":0,"enemies":"Cultist","floor":5,"turns":1},{"damage":0,"enemies":"Gremlin Nob","floor":7,"turns":1},{"damage":10,"enemies":"Lagavulin","floor":10,"turns":7},{"damage":37,"enemies":"3 Sentries","floor":12,"turns":8},{"damage":0,"enemies":"2 Louse","floor":14,"turns":3},{"damage":33,"enemies":"The Guardian","floor":16,"turns":7},{"damage":15,"enemies":"Shell Parasite","floor":18,"turns":5},{"damage":31,"enemies":"3 Byrds","floor":19,"turns":7},{"damage":13,"enemies":"Shelled Parasite and Fungi","floor":22,"turns":5},{"damage":18,"enemies":"Gremlin Leader","floor":23,"turns":7},{"damage":16,"enemies":"Book of Stabbing","floor":25,"turns":4},{"damage":10,"enemies":"Sentry and Sphere","floor":28,"turns":4},{"damage":9,"enemies":"Centurion and Healer","floor":29,"turns":5},{"damage":78,"enemies":"Collector","floor":33,"turns":11},{"damage":45,"enemies":"3 Darklings","floor":35,"turns":5},{"damage":0,"enemies":"Orb Walker","floor":36,"turns":3},{"damage":41,"enemies":"Nemesis","floor":40,"turns":9},{"damage":3,"enemies":"Transient","floor":41,"turns":5},{"damage":0,"enemies":"Giant Head","floor":42,"turns":7},{"damage":0,"enemies":"Reptomancer","floor":44,"turns":6},{"damage":9,"enemies":"Giant Head","floor":46,"turns":6},{"damage":12,"enemies":"Sphere and 2 Shapes","floor":47,"turns":4},{"damage":21,"enemies":"Awakened One","floor":50,"turns":9}],"seed_played":"-6677895903349242132","potions_obtained":[{"floor":1.0,"key":"PowerPotion"},{"floor":10,"key":"ColorlessPotion"},{"floor":19,"key":"Block Potion"},{"floor":23,"key":"Strength Potion"},{"floor":28,"key":"Ancient Potion"},{"floor":29,"key":"Weak Potion"},{"floor":41,"key":"Swift Potion"},{"floor":42,"key":"Energy Potion"},{"floor":44,"key":"SmokeBomb"}],"is_trial":false,"path_per_floor":["M","?","?","$","M","R","E","R","T","E","?","E","$","M","R","B",null,"M","M","?","$","M","E","R","E","T","R","M","M","$","?","R","B",null,"M","M","?","T","$","E","M","E","T","E","R","E","M","$","R","B",null],"character_chosen":"IRONCLAD","basemod:card_modifiers":[null,null,null,null,null,null,null,null,null,null,null,null,null,null,null,null,null,null,null,null,null,null,null,null,null,null,null,null],"items_purchased":["Flash of Steel","Ghostly Armor","Lee\u0027s Waffle","EntropicBrew","Dark Embrace","Burning Pact","LiquidBronze"],"campfire_rested":1,"item_purchase_floors":[13,21,30,39,39,48,48],"current_hp_per_floor":[74,68,68,68,68,68,68,68,68,64,64,33,33,39,39,12,54,48,26,26,26,22,17,42,32,32,32,30,33,95,95,95,27,81,44,56,56,56,56,23,28,36,36,44,44,50,61,61,61,101],"gold":34,"neow_bonus":"THREE_ENEMY_KILL","is_prod":false,"is_daily":false,"chose_seed":false,"campfire_upgraded":7,"win_rate":0,"timestamp":1683339804,"path_taken":["M","?","?","$","?","R","E","R","T","E","?","E","$","M","R","BOSS","M","M","?","$","M","E","R","E","T","R","M","M","$","?","R","BOSS","M","M","?","?","$","E","M","E","T","E","R","E","M","$","R","BOSS"],"build_version":"2022-12-18","purchased_purges":5,"victory":true,"max_hp_per_floor":[75,68,68,68,68,68,68,68,68,68,68,68,68,68,68,68,68,71,74,74,74,77,84,84,84,84,84,84,88,95,95,95,99,99,99,103,103,103,103,103,103,103,103,103,103,103,107,107,107,107],"relic_stats":{"Lee\u0027s Waffle":62,"counters":[24,130],"Golden Idol":172,"Blue Candle":[1],"Pen Nib":[24],"Omamori":1,"Juzu Bracelet":1,"Letter Opener":[100],"Smiling Mask":350,"Ancient Tea Set":[2],"Burning Blood":132,"WarpedTongs":[46],"Blood Vial":22,"Centennial Puzzle":[9],"Ornamental Fan":[172],"Pantograph":25,"Prayer Wheel":2,"obtain_stats":[{"Lee\u0027s Waffle":30,"NeowsBlessing":0,"Golden Idol":2,"Blue Candle":10,"Pen Nib":7,"Omamori":11,"Juzu Bracelet":26,"Letter Opener":40,"Smiling Mask":9,"Ancient Tea Set":46,"Burning Blood":0,"WarpedTongs":37,"Blood Vial":25,"Centennial Puzzle":44,"HornCleat":43,"Ornamental Fan":12,"Strawberry":23,"Pantograph":42,"Philosopher\u0027s Stone":17,"Prayer Wheel":38,"Coffee Dripper":34},{"Lee\u0027s Waffle":14,"NeowsBlessing":0,"Golden Idol":1,"Blue Candle":4,"Pen Nib":3,"Omamori":4,"Juzu Bracelet":12,"Letter Opener":18,"Smiling Mask":3,"Ancient Tea Set":22,"Burning Blood":0,"WarpedTongs":17,"Blood Vial":12,"Centennial Puzzle":21,"HornCleat":20,"Ornamental Fan":5,"Strawberry":11,"Pantograph":20,"Philosopher\u0027s Stone":7,"Prayer Wheel":17,"Coffee Dripper":15},{"Lee\u0027s Waffle":65,"NeowsBlessing":0,"Golden Idol":1,"Blue Candle":10,"Pen Nib":3,"Omamori":10,"Juzu Bracelet":56,"Letter Opener":93,"Smiling Mask":3,"Ancient Tea Set":117,"Burning Blood":0,"WarpedTongs":84,"Blood Vial":56,"Centennial Puzzle":111,"HornCleat":105,"Ornamental Fan":18,"Strawberry":52,"Pantograph":105,"Philosopher\u0027s Stone":28,"Prayer Wheel":84,"Coffee Dripper":76}]},"card_choices":[{"not_picked":["Iron Wave","Armaments"],"picked":"Inflame","floor":1.0},{"not_picked":["Havoc","Warcry"],"picked":"Sword Boomerang","floor":5},{"not_picked":["Seeing Red","Warcry","Clash"],"picked":"SKIP","floor":7},{"not_picked":["Sentinel","Armaments"],"picked":"Rage","floor":10},{"not_picked":["Intimidate","Infernal Blade"],"picked":"Shockwave","floor":12},{"not_picked":["Anger","Body Slam"],"picked":"Spot Weakness","floor":14},{"not_picked":["Barricade","Exhume"],"picked":"Feed","floor":16},{"not_picked":["Heavy Blade","Second Wind"],"picked":"Feel No Pain","floor":18},{"not_picked":["Wild Strike","Body Slam"],"picked":"Dropkick","floor":19},{"not_picked":["Metallicize","Infernal Blade"],"picked":"Rampage+1","floor":22},{"not_picked":["Fire Breathing","Sentinel","Clash"],"picked":"SKIP","floor":23},{"not_picked":["Iron Wave","Double Tap"],"picked":"Sword Boomerang","floor":25},{"not_picked":["True Grit","Armaments"],"picked":"Cleave","floor":28},{"not_picked":["Twin Strike","Carnage"],"picked":"Havoc+1","floor":29},{"not_picked":["Berserk","Immolate"],"picked":"Impervious","floor":33},{"not_picked":["Headbutt","True Grit","Twin Strike"],"picked":"SKIP","floor":35},{"not_picked":["Second Wind","Inflame+1"],"picked":"Pommel Strike","floor":36},{"not_picked":["True Grit","Sword Boomerang"],"picked":"Dual Wield","floor":40},{"not_picked":["Iron Wave","Rage"],"picked":"Warcry+1","floor":41},{"not_picked":["Sentinel","Cleave","Entrench"],"picked":"SKIP","floor":41},{"not_picked":["Intimidate","Havoc","Thunderclap"],"picked":"SKIP","floor":42},{"not_picked":["Demon Form","Bloodletting+1"],"picked":"Reaper","floor":44},{"not_picked":["Whirlwind","Combust+1","Armaments"],"picked":"SKIP","floor":46},{"not_picked":["Iron Wave","Heavy Blade"],"picked":"True Grit+1","floor":47},{"not_picked":["Twin Strike","Combust","Flex"],"picked":"SKIP","floor":47}],"player_experience":5577104,"relics_obtained":[{"floor":7,"key":"Pen Nib"},{"floor":9,"key":"Smiling Mask"},{"floor":10,"key":"Blue Candle"},{"floor":12,"key":"Ornamental Fan"},{"floor":23,"key":"Strawberry"},{"floor":25,"key":"Blood Vial"},{"floor":26,"key":"Juzu Bracelet"},{"floor":38,"key":"Prayer Wheel"},{"floor":40,"key":"Letter Opener"},{"floor":42,"key":"Pantograph"},{"floor":43,"key":"HornCleat"},{"floor":44,"key":"Centennial Puzzle"},{"floor":46,"key":"Ancient Tea Set"}],"event_choices":[{"damage_healed":0.0,"max_hp_gain":0.0,"max_hp_loss":7.0,"gold_gain":0.0,"event_name":"Golden Idol","player_choice":"Lose Max HP","floor":2.0,"gold_loss":0.0,"damage_taken":0.0,"relics_obtained":["Golden Idol"]},{"damage_healed":0,"gold_gain":0,"player_choice":"1 cards matched","damage_taken":0,"max_hp_gain":0,"max_hp_loss":0,"event_name":"Match and Keep!","floor":3,"gold_loss":0,"cards_obtained":["Impervious"]},{"damage_healed":0,"gold_gain":0,"player_choice":"Gave Potion","damage_taken":0,"relics_obtained":["Omamori"],"max_hp_gain":0,"max_hp_loss":0,"event_name":"WeMeetAgain","floor":11,"gold_loss":0},{"damage_healed":0,"gold_gain":0,"player_choice":"Ignored","damage_taken":0,"max_hp_gain":0,"max_hp_loss":0,"event_name":"Vampires","floor":20,"gold_loss":0},{"cards_removed":["Strike_R"],"damage_healed":0,"gold_gain":0,"player_choice":"Offered Basic","damage_taken":0,"max_hp_gain":0,"max_hp_loss":0,"event_name":"Bonfire Elementals","floor":31,"gold_loss":0},{"damage_healed":0,"gold_gain":0,"player_choice":"Rummage","damage_taken":0,"relics_obtained":["WarpedTongs"],"max_hp_gain":0,"max_hp_loss":0,"event_name":"Accursed Blacksmith","floor":37,"gold_loss":0,"cards_obtained":["Pain"]}],"is_beta":false,"boss_relics":[{"not_picked":["Ectoplasm","Sozu"],"picked":"Philosopher\u0027s Stone"},{"not_picked":["Tiny House","Runic Cube"],"picked":"Coffee Dripper"}],"items_purged_floors":[4,13,30,39,48],"is_endless":false,"potions_floor_spawned":[1,10,19,23,28,29,41,42,44],"ascension_level":15}