{"gold_per_floor":[11,11,30,44,56,56,83,83,83,102,177,211,226,254,254,327,327,347,367,137,152,152,152,182,182,209,209,239,253,287,187,187,264,264,274,274,320,336,354,379,379,414,414,414,424,449,30,65,65,65],"floor_reached":51,"playtime":2200,"items_purged":["Strike_R","Rampage"],"score":1567,"play_id":"f28e979b-0910-4b7a-8b54-f25961738493","local_time":"20230502194905","is_ascension_mode":true,"campfire_choices":[{"data":"Immolate","floor":6.0,"key":"SMITH"},{"data":"Twin Strike","floor":8.0,"key":"SMITH"},{"data":"Spot Weakness","floor":15.0,"key":"SMITH"},{"floor":23.0,"key":"REST"},{"data":"Feed","floor":25.0,"key":"SMITH"},{"data":"Metallicize","floor":32.0,"key":"SMITH"},{"floor":41,"key":"REST"},{"floor":44,"key":"REST"},{"floor":49,"key":"REST"}],"neow_cost":"NO_GOLD","seed_source_timestamp":0,"circlet_count":0,"master_deck":["AscendersBane","Strike_R+1","Strike_R+1","Strike_R+1","Strike_R+1","Defend_R+1","Defend_R+1","Defend_R+1","Defend_R+1","Bash+1","Iron Wave","Feel No Pain","Immolate+1","Twin Strike+1","Shrug It Off","Metallicize+1","Spot Weakness+1","Feed+1","Disarm+1","Pommel Strike","Brutality","Dark Embrace","Armaments","True Grit","Twin Strike+1","Impervious","Feel No Pain+1","Battle Trance","Spot Weakness","Sword Boomerang+1"],"special_seed":0,"relics":["Burning Blood","StrikeDummy","HornCleat","Whetstone","Nunchaku","SlaversCollar","Medical Kit","Enchiridion","Pear","Strawberry","Ornamental Fan","Matryoshka","Fusion Hammer","Dead Branch","Gremlin Horn","Anchor","White Beast Statue","Sundial","Ginger","Orrery","Bottled Tornado","FossilizedHelix"],"potions_floor_usage":[37,50,50],"damage_taken":[{"damage":15.0,"enemies":"Jaw Worm","floor":1.0,"turns":6.0},{"damage":7.0,"enemies":"2 Louse","floor":3.0,"turns":4.0},{"damage":1.0,"enemies":"Small Slimes","floor":4.0,"turns":4.0},{"damage":9.0,"enemies":"Looter","floor":5.0,"turns":3.0},{"damage":16.0,"enemies":"Gremlin Nob","floor":7.0,"turns":3.0},{"damage":0.0,"enemies":"2 Fungi Beasts","floor":10.0,"turns":2.0},{"damage":0.0,"enemies":"3 Sentries","floor":12.0,"turns":3.0},{"damage":8.0,"enemies":"Exordium Wildlife","floor":13.0,"turns":2.0},{"damage":11.0,"enemies":"Lagavulin","floor":14.0,"turns":7.0},{"damage":42.0,"enemies":"Hexaghost","floor":16.0,"turns":10.0},{"damage":11.0,"enemies":"2 Thieves","floor":18.0,"turns":3.0},{"damage":0.0,"enemies":"Spheric Guardian","floor":19.0,"turns":3.0},{"damage":21.0,"enemies":"Shelled Parasite and Fungi","floor":21.0,"turns":8.0},{"damage":20.0,"enemies":"Slavers","floor":24.0,"turns":3.0},{"damage":10.0,"enemies":"Book of Stabbing","floor":28.0,"turns":5.0},{"damage":11.0,"enemies":"Snecko","floor":29.0,"turns":5.0},{"damage":4.0,"enemies":"Slavers","floor":30.0,"turns":4.0},{"damage":21.0,"enemies":"Automaton","floor":33.0,"turns":12.0},{"damage":6,"enemies":"3 Shapes","floor":35,"turns":4},{"damage":15,"enemies":"2 Orb Walkers","floor":37,"turns":4},{"damage":28,"enemies":"3 Darklings","floor":38,"turns":5},{"damage":6,"enemies":"4 Shapes","floor":39,"turns":3},{"damage":27,"enemies":"Giant Head","floor":40,"turns":7},{"damage":3,"enemies":"Nemesis","floor":42,"turns":5},{"damage":41,"enemies":"Maw","floor":45,"turns":8},{"damage":3,"enemies":"Mind Bloom Boss Battle","floor":46,"turns":6},{"damage":9,"enemies":"Giant Head","floor":48,"turns":6},{"damage":19,"enemies":"Donu and Deca","floor":50,"turns":7}],"seed_played":"2685025895795337594","potions_obtained":[{"floor":1.0,"key":"DuplicationPotion"},{"floor":5.0,"key":"Weak Potion"},{"floor":12.0,"key":"SteroidPotion"},{"floor":13.0,"key":"Swift Potion"},{"floor":19.0,"key":"ColorlessPotion"},{"floor":28.0,"key":"FearPotion"},{"floor":30.0,"key":"SteroidPotion"},{"floor":38,"key":"Strength Potion"},{"floor":39,"key":"FairyPotion"},{"floor":42,"key":"LiquidMemories"},{"floor":46,"key":"DistilledChaos"},{"floor":48,"key":"Fruit Juice"}],"is_trial":false,"path_per_floor":["M","?","M","M","M","R","E","R","T","M","?","E","M","E","R","B",null,"M","M","$","M","?","R","E","R","T","?","E","M","E","$","R","B",null,"M","?","?","M","M","E","R","E","T","R","M","?","$","E","R","B",null],"character_chosen":"IRONCLAD","basemod:card_modifiers":[null,null,null,null,null,null,null,null,null,null,null,null,null,null,null,null,null,null,null,null,null,null,null,null,null,null,null,null,null,null],"items_purchased":["Medical Kit","Orrery","Bottled Tornado"],"campfire_rested":4,"item_purchase_floors":[20,47,47],"current_hp_per_floor":[73,73,72,77,74,74,64,64,64,70,59,65,63,58,58,22,72,70,76,76,64,43,71,70,70,77,77,73,68,74,74,74,63,108,112,112,107,85,89,68,108,115,115,139,108,115,115,112,147,139],"gold":65,"neow_bonus":"TWENTY_PERCENT_HP_BONUS","is_prod":false,"is_daily":false,"chose_seed":false,"campfire_upgraded":5,"win_rate":0,"timestamp":1683082145,"path_taken":["M","?","M","M","M","R","E","R","T","M","?","E","M","E","R","BOSS","M","M","$","M","?","R","E","R","T","?","E","M","E","$","R","BOSS","M","?","?","M","M","E","R","E","T","R","M","?","$","E","R","BOSS"],"build_version":"2022-12-18","purchased_purges":2,"victory":true,"max_hp_per_floor":[89,89,89,89,89,89,89,89,89,89,89,89,89,89,89,89,89,92,92,92,95,95,95,108,108,115,115,115,115,119,119,119,123,123,127,127,131,131,135,135,135,139,139,139,143,147,147,147,147,152],"relic_stats":{"Gremlin Horn":[1,1],"counters":[28,142],"Dead Branch":[77],"Whetstone":["Strike_R","Strike_R"],"Ginger":[3],"Bottled Tornado":"Dark Embrace","Medical Kit":[20],"Burning Blood":168,"White Beast Statue":[0.0,0.024000000000000007,0.0,0.32800000000000007,0.0,0.5280000000000001,0.0,0.12000000000000002,0.0,0.0,0.0,1.2560000000000002],"Nunchaku":[21],"Matryoshka":1,"Ornamental Fan":[100],"Sundial":[4],"obtain_stats":[{"Pear":24,"Gremlin Horn":40,"Dead Branch":37,"Enchiridion":22,"Whetstone":12,"Ginger":46,"Bottled Tornado":47,"Medical Kit":20,"Burning Blood":0,"White Beast Statue":43,"SlaversCollar":17,"Nunchaku":14,"Anchor":42,"HornCleat":9,"Matryoshka":30,"Ornamental Fan":28,"Sundial":43,"Strawberry":26,"Orrery":47,"Fusion Hammer":34,"StrikeDummy":7,"FossilizedHelix":48},{"Pear":14,"Gremlin Horn":23,"Dead Branch":20,"Enchiridion":13,"Whetstone":7,"Ginger":26,"Bottled Tornado":26,"Medical Kit":12,"Burning Blood":0,"White Beast Statue":24,"SlaversCollar":10,"Nunchaku":9,"Anchor":24,"HornCleat":5,"Matryoshka":17,"Ornamental Fan":15,"Sundial":24,"Strawberry":14,"Orrery":26,"Fusion Hammer":18,"StrikeDummy":5,"FossilizedHelix":27},{"Pear":61,"Gremlin Horn":110,"Dead Branch":95,"Enchiridion":58,"Whetstone":25,"Ginger":129,"Bottled Tornado":129,"Medical Kit":50,"Burning Blood":0,"White Beast Statue":115,"SlaversCollar":44,"Nunchaku":34,"Anchor":115,"HornCleat":20,"Matryoshka":75,"Ornamental Fan":66,"Sundial":115,"Strawberry":61,"Orrery":129,"Fusion Hammer":87,"StrikeDummy":20,"FossilizedHelix":135}],"FossilizedHelix":[6]},"card_choices":[{"not_picked":["Headbutt","Shockwave"],"picked":"Rampage","floor":1.0},{"not_picked":["Headbutt","Twin Strike"],"picked":"Iron Wave","floor":3.0},{"not_picked":["Rupture","Wild Strike"],"picked":"Feel No Pain","floor":4.0},{"not_picked":["Blood for Blood","Sever Soul"],"picked":"Immolate","floor":5.0},{"not_picked":["Cleave","True Grit"],"picked":"Twin Strike","floor":7.0},{"not_picked":["Dropkick","Perfected Strike","Havoc"],"picked":"SKIP","floor":10.0},{"not_picked":["Iron Wave","Fire Breathing"],"picked":"Shrug It Off","floor":12.0},{"not_picked":["Clothesline","Pommel Strike"],"picked":"Metallicize","floor":13.0},{"not_picked":["Second Wind","Disarm"],"picked":"Spot Weakness","floor":14.0},{"not_picked":["Double Tap","Reaper"],"picked":"Feed","floor":16.0},{"not_picked":["Thunderclap","Searing Blow","Warcry"],"picked":"SKIP","floor":18.0},{"not_picked":["Sword Boomerang","Infernal Blade","Headbutt"],"picked":"SKIP","floor":19.0},{"not_picked":["Clothesline","Brutality"],"picked":"Disarm+1","floor":21.0},{"not_picked":["Headbutt","Iron Wave"],"picked":"Pommel Strike","floor":24.0},{"not_picked":["Pummel","Cleave","Sentinel"],"picked":"SKIP","floor":28.0},{"not_picked":["Warcry","Shrug It Off","Clash+1"],"picked":"SKIP","floor":29.0},{"not_picked":["Twin Strike","Iron Wave","Dropkick"],"picked":"SKIP","floor":30.0},{"not_picked":["Bludgeon","Limit Break"],"picked":"Brutality","floor":33.0},{"not_picked":["Clash","Sever Soul"],"picked":"Dark Embrace","floor":35},{"not_picked":["Iron Wave","Cleave"],"picked":"Armaments","floor":38},{"not_picked":["Perfected Strike","Flex"],"picked":"True Grit","floor":39},{"not_picked":["Headbutt","True Grit"],"picked":"Twin Strike+1","floor":40},{"not_picked":["Headbutt","Whirlwind+1"],"picked":"Impervious","floor":42},{"not_picked":["Clothesline","Wild Strike+1","Sword Boomerang"],"picked":"SKIP","floor":45},{"not_picked":["Brutality","Sword Boomerang"],"picked":"Feel No Pain+1","floor":47},{"not_picked":["Perfected Strike","Headbutt+1"],"picked":"Battle Trance","floor":47},{"not_picked":["Berserk","Shrug It Off"],"picked":"Spot Weakness","floor":47},{"not_picked":["Flex","Shrug It Off"],"picked":"Sword Boomerang+1","floor":48}],"player_experience":5573938,"relics_obtained":[{"floor":7.0,"key":"StrikeDummy"},{"floor":9.0,"key":"HornCleat"},{"floor":12.0,"key":"Whetstone"},{"floor":14.0,"key":"Nunchaku"},{"floor":22.0,"key":"Enchiridion"},{"floor":24.0,"key":"Pear"},{"floor":26.0,"key":"Strawberry"},{"floor":28.0,"key":"Ornamental Fan"},{"floor":30.0,"key":"Matryoshka"},{"floor":37,"key":"Dead Branch"},{"floor":40,"key":"Gremlin Horn"},{"floor":42,"key":"Anchor"},{"floor":43,"key":"White Beast Statue"},{"floor":43,"key":"Sundial"},{"floor":46,"key":"Ginger"},{"floor":48,"key":"FossilizedHelix"}],"event_choices":[{"damage_healed":0.0,"max_hp_gain":0.0,"max_hp_loss":0.0,"gold_gain":0.0,"event_name":"Living Wall","player_choice":"Grow","floor":2.0,"gold_loss":0.0,"damage_taken":0.0,"cards_upgraded":["Bash"]},{"damage_healed":0.0,"max_hp_gain":0.0,"max_hp_loss":0.0,"gold_gain":75.0,"event_name":"World of Goop","player_choice":"Gather Gold","floor":11.0,"gold_loss":0.0,"damage_taken":11.0},{"damage_healed":0.0,"max_hp_gain":0.0,"max_hp_loss":0.0,"gold_gain":0.0,"event_name":"Cursed Tome","player_choice":"Obtained Book","floor":22.0,"gold_loss":0.0,"damage_taken":21.0},{"damage_healed":0.0,"max_hp_gain":0.0,"max_hp_loss":0.0,"gold_gain":0.0,"event_name":"Back to Basics","player_choice":"Simplicity","floor":27.0,"gold_loss":0.0,"damage_taken":0.0,"cards_upgraded":["Strike_R","Strike_R","Defend_R","Defend_R","Defend_R","Defend_R"]},{"damage_healed":0,"gold_gain":0,"player_choice":"Memory 1","damage_taken":0,"max_hp_gain":0,"max_hp_loss":0,"event_name":"SensoryStone","floor":36,"gold_loss":0},{"damage_healed":0,"gold_gain":0,"player_choice":"Fight","damage_taken":0,"max_hp_gain":0,"max_hp_loss":0,"event_name":"Mysterious Sphere","floor":37,"gold_loss":0},{"damage_healed":0,"gold_gain":0,"player_choice":"Fight","damage_taken":0,"max_hp_gain":0,"max_hp_loss":0,"event_name":"MindBloom","floor":46,"gold_loss":0}],"is_beta":false,"boss_relics":[{"not_picked":["Pandora\u0027s Box","Busted Crown"],"picked":"SlaversCollar"},{"not_picked":["Runic Pyramid","Cursed Key"],"picked":"Fusion Hammer"}],"items_purged_floors":[20,31],"is_endless":false,"potions_floor_spawned":[1,5,12,13,14,19,28,30,33,38,39,42,45,46,48],"ascension_level":15}