{"gold_per_floor":[10,27,46,46,61,61,94,19,19,51,64,76,86,121,121,192,192,203,103,153,179,30,30,62,74,101,126,126,140,172,190,190,267,267,284,55,74,89,100,134,147,173,173,192,217,247,259,231,243,255],"floor_reached":51,"playtime":1980,"items_purged":["Strike_R","Strike_R","Strike_R"],"score":1440,"play_id":"4b5cfe4e-af26-4a7c-84ba-d676651d52a8","local_time":"20230514113431","is_ascension_mode":true,"campfire_choices":[{"data":"Bash","floor":6,"key":"SMITH"},{"data":"Spot Weakness","floor":15,"key":"SMITH"},{"data":"Immolate","floor":23,"key":"SMITH"},{"data":"Limit Break","floor":32,"key":"SMITH"},{"data":"Strike_R","floor":47,"key":"PURGE"},{"data":"Strike_R","floor":49,"key":"PURGE"}],"neow_cost":"NO_GOLD","seed_source_timestamp":10197186128000,"circlet_count":0,"master_deck":["AscendersBane","Defend_R","Defend_R","Defend_R","Defend_R","Bash+1","Rampage","Battle Trance","Headbutt+1","Spot Weakness+1","Anger","Iron Wave","Metallicize","Feel No Pain","Immolate+1","Reaper+1","Cleave","Sword Boomerang","Limit Break+1","Power Through+1","Reaper","Havoc+1","Exhume","Twin Strike+1","Battle Trance","Thunderclap+1","Spot Weakness","Pummel+1","Second Wind","Shrug It Off","Metallicize+1"],"relics":["Burning Blood","Magic Flower","HornCleat","Lizard Tail","CaptainsWheel","Toy Ornithopter","SlaversCollar","Red Mask","MealTicket","Oddly Smooth Stone","Whetstone","Du-Vu Doll","Coffee Dripper","Membership Card","Anchor","Akabeko","Blood Vial","Lantern","Peace Pipe","MawBank"],"potions_floor_usage":[7,12,14,24,33,40,50,50,50],"damage_taken":[{"damage":4,"enemies":"Small Slimes","floor":1,"turns":3},{"damage":1,"enemies":"Cultist","floor":2,"turns":3},{"damage":12,"enemies":"Jaw Worm","floor":3,"turns":3},{"damage":11,"enemies":"Looter","floor":5,"turns":2},{"damage":28,"enemies":"3 Sentries","floor":7,"turns":6},{"damage":20,"enemies":"Gremlin Nob","floor":10,"turns":4},{"damage":1,"enemies":"Large Slime","floor":11,"turns":5},{"damage":12,"enemies":"Exordium Wildlife","floor":12,"turns":4},{"damage":3,"enemies":"3 Louse","floor":13,"turns":4},{"damage":6,"enemies":"Lagavulin","floor":14,"turns":5},{"damage":45,"enemies":"The Guardian","floor":16,"turns":13},{"damage":1,"enemies":"Spheric Guardian","floor":18,"turns":4},{"damage":64,"enemies":"Masked Bandits","floor":21,"turns":6},{"damage":19,"enemies":"Slavers","floor":24,"turns":2},{"damage":9,"enemies":"2 Thieves","floor":25,"turns":4},{"damage":8,"enemies":"Gremlin Leader","floor":27,"turns":6},{"damage":49,"enemies":"Snake Plant","floor":29,"turns":7},{"damage":21,"enemies":"Book of Stabbing","floor":30,"turns":5},{"damage":4,"enemies":"3 Cultists","floor":31,"turns":4},{"damage":12,"enemies":"Automaton","floor":33,"turns":6},{"damage":0,"enemies":"3 Shapes","floor":35,"turns":4},{"damage":0,"enemies":"3 Darklings","floor":37,"turns":4},{"damage":7,"enemies":"Jaw Worm Horde","floor":38,"turns":4},{"damage":26,"enemies":"Sphere and 2 Shapes","floor":39,"turns":4},{"damage":66,"enemies":"Nemesis","floor":40,"turns":11},{"damage":0,"enemies":"Transient","floor":41,"turns":5},{"damage":29,"enemies":"Giant Head","floor":42,"turns":6},{"damage":0,"enemies":"Jaw Worm Horde","floor":44,"turns":2},{"damage":0,"enemies":"Mind Bloom Boss Battle","floor":45,"turns":4},{"damage":18,"enemies":"Reptomancer","floor":46,"turns":4},{"damage":15,"enemies":"Awakened One","floor":50,"turns":6}],"seed_played":"-4173461019617453002","potions_obtained":[{"floor":1,"key":"EssenceOfSteel"},{"floor":3,"key":"SkillPotion"},{"floor":7,"key":"ElixirPotion"},{"floor":12,"key":"Energy Potion"},{"floor":21,"key":"Regen Potion"},{"floor":25,"key":"SteroidPotion"},{"floor":30,"key":"ColorlessPotion"},{"floor":33,"key":"EntropicBrew"},{"floor":42,"key":"ColorlessPotion"},{"floor":44,"key":"Block Potion"},{"floor":48,"key":"DuplicationPotion"}],"is_trial":false,"path_per_floor":["M","M","M","?","M","R","E","$","T","E","M","M","M","E","R","B",null,"M","$","?","?","$","R","E","M","T","E","?","M","E","M","R","B",null,"M","$","M","M","M","E","M","E","T","M","?","E","R","?","R","B",null],"character_chosen":"IRONCLAD","basemod:card_modifiers":[null,null,null,null,null,null,null,null,null,null,null,null,null,null,null,null,null,null,null,null,null,null,null,null,null,null,null,null,null,null,null],"items_purchased":["Sword Boomerang","Membership Card","Anchor"],"campfire_rested":0,"item_purchase_floors":[22,36,36],"current_hp_per_floor":[73,75,72,72,70,70,51,51,51,40,48,45,51,54,54,18,61,69,69,69,27,27,27,33,45,45,64,64,45,33,61,61,75,75,75,75,75,75,75,33,75,75,75,75,75,75,75,75,75,75],"gold":267,"neow_bonus":"ONE_RARE_RELIC","is_prod":false,"is_daily":false,"chose_seed":false,"campfire_upgraded":4,"win_rate":0,"timestamp":1684089271,"path_taken":["M","M","M","?","?","R","E","?","T","E","M","M","M","E","R","BOSS","M","$","?","?","$","R","E","M","T","E","?","?","E","M","R","BOSS","M","$","M","M","M","E","M","E","T","M","?","E","R","?","R","BOSS"],"build_version":"2022-12-18","purchased_purges":3,"victory":true,"max_hp_per_floor":[75,75,75,75,75,75,75,75,75,75,75,75,75,75,75,75,75,75,75,75,75,75,75,75,75,75,75,75,75,75,75,75,75,75,75,75,75,75,75,75,75,75,75,75,75,75,75,75,75,75],"relic_stats":{"Blood Vial":0,"Peace Pipe":2,"Lizard Tail":0,"counters":[31,150],"Magic Flower":[114],"MealTicket":0,"Whetstone":["Reaper","Headbutt"],"Membership Card":77,"MawBank":60,"obtain_stats":[{"Lantern":43,"Magic Flower":0,"Oddly Smooth Stone":26,"Whetstone":27,"MawBank":46,"Burning Blood":0,"Akabeko":40,"Du-Vu Doll":30,"Blood Vial":42,"Peace Pipe":45,"SlaversCollar":17,"Lizard Tail":9,"CaptainsWheel":10,"Anchor":36,"HornCleat":7,"MealTicket":24,"Red Mask":21,"Coffee Dripper":34,"Membership Card":36,"Toy Ornithopter":14},{"Lantern":27,"Magic Flower":0,"Oddly Smooth Stone":15,"Whetstone":16,"MawBank":30,"Burning Blood":0,"Akabeko":25,"Du-Vu Doll":18,"Blood Vial":27,"Peace Pipe":29,"SlaversCollar":11,"Lizard Tail":5,"CaptainsWheel":6,"Anchor":21,"HornCleat":5,"MealTicket":14,"Red Mask":13,"Coffee Dripper":20,"Membership Card":21,"Toy Ornithopter":10},{"Lantern":134,"Magic Flower":0,"Oddly Smooth Stone":68,"Whetstone":74,"MawBank":144,"Burning Blood":0,"Akabeko":123,"Du-Vu Doll":86,"Blood Vial":134,"Peace Pipe":140,"SlaversCollar":52,"Lizard Tail":17,"CaptainsWheel":21,"Anchor":100,"HornCleat":17,"MealTicket":64,"Red Mask":62,"Coffee Dripper":96,"Membership Card":100,"Toy Ornithopter":39}],"Burning Blood":185,"Toy Ornithopter":32},"card_choices":[{"not_picked":["Sentinel","Fire Breathing"],"picked":"Rampage","floor":1},{"not_picked":["Dropkick","True Grit"],"picked":"Battle Trance","floor":2},{"not_picked":["Power Through","Fire Breathing"],"picked":"Headbutt","floor":3},{"not_picked":["Perfected Strike","Headbutt"],"picked":"Spot Weakness","floor":5},{"not_picked":["Power Through","Sever Soul"],"picked":"Anger","floor":7},{"not_picked":["Clothesline","Perfected Strike"],"picked":"Iron Wave","floor":10},{"not_picked":["Thunderclap","Cleave"],"picked":"Metallicize","floor":11},{"not_picked":["Entrench","Burning Pact"],"picked":"Feel No Pain","floor":12},{"not_picked":["Wild Strike","Anger"],"picked":"Immolate","floor":13},{"not_picked":["Perfected Strike","Clothesline","Warcry"],"picked":"SKIP","floor":14},{"not_picked":["Exhume","Double Tap"],"picked":"Reaper","floor":16},{"not_picked":["Sentinel","Headbutt","Wild Strike"],"picked":"SKIP","floor":18},{"not_picked":["Sword Boomerang","Perfected Strike"],"picked":"Cleave","floor":21},{"not_picked":["Sentinel","Wild Strike"],"picked":"Limit Break","floor":24},{"not_picked":["True Grit","Clash+1"],"picked":"Power Through+1","floor":25},{"not_picked":["Infernal Blade","Havoc","Hemokinesis"],"picked":"SKIP","floor":27},{"not_picked":["Clash+1","Spot Weakness","Thunderclap"],"picked":"SKIP","floor":29},{"not_picked":["Havoc","Spot Weakness"],"picked":"Reaper","floor":30},{"not_picked":["Sword Boomerang","Pommel Strike"],"picked":"Havoc+1","floor":31},{"not_picked":["Brutality","Berserk"],"picked":"Exhume","floor":33},{"not_picked":["Sever Soul","Battle Trance"],"picked":"Twin Strike+1","floor":35},{"not_picked":["Clothesline","Reckless Charge"],"picked":"Battle Trance","floor":37},{"not_picked":["Cleave","Searing Blow"],"picked":"Thunderclap+1","floor":38},{"not_picked":["Armaments","Rage"],"picked":"Spot Weakness","floor":39},{"not_picked":["Berserk","Intimidate"],"picked":"Pummel+1","floor":40},{"not_picked":["Warcry","Clash","Intimidate"],"picked":"SKIP","floor":41},{"not_picked":["Clothesline","Hemokinesis+1"],"picked":"Second Wind","floor":42},{"not_picked":["Warcry","Headbutt","Rupture+1"],"picked":"SKIP","floor":44},{"not_picked":["Cleave","Sword Boomerang+1"],"picked":"Shrug It Off","floor":45},{"not_picked":["Bludgeon","Seeing Red"],"picked":"Metallicize+1","floor":46}],"player_experience":5589860,"relics_obtained":[{"floor":7,"key":"HornCleat"},{"floor":9,"key":"Lizard Tail"},{"floor":10,"key":"CaptainsWheel"},{"floor":14,"key":"Toy Ornithopter"},{"floor":21,"key":"Red Mask"},{"floor":24,"key":"MealTicket"},{"floor":26,"key":"Oddly Smooth Stone"},{"floor":27,"key":"Whetstone"},{"floor":30,"key":"Du-Vu Doll"},{"floor":40,"key":"Akabeko"},{"floor":42,"key":"Blood Vial"},{"floor":43,"key":"Lantern"},{"floor":45,"key":"Peace Pipe"},{"floor":46,"key":"MawBank"}],"event_choices":[{"damage_healed":0,"gold_gain":0,"player_choice":"Got Potions","damage_taken":0,"max_hp_gain":0,"max_hp_loss":0,"event_name":"Lab","floor":4,"gold_loss":0},{"damage_healed":0,"gold_gain":50,"player_choice":"Stole From Cult","damage_taken":0,"max_hp_gain":0,"max_hp_loss":0,"event_name":"Nest","floor":20,"gold_loss":0},{"damage_healed":0,"gold_gain":0,"player_choice":"Fought Bandits","damage_taken":0,"max_hp_gain":0,"max_hp_loss":0,"event_name":"Masked Bandits","floor":21,"gold_loss":0},{"damage_healed":0,"gold_gain":0,"player_choice":"Ignored","damage_taken":0,"max_hp_gain":0,"max_hp_loss":0,"event_name":"Ghosts","floor":28,"gold_loss":0},{"damage_healed":0,"gold_gain":0,"player_choice":"Fight","damage_taken":0,"max_hp_gain":0,"max_hp_loss":0,"event_name":"MindBloom","floor":45,"gold_loss":0},{"damage_healed":0,"gold_gain":0,"player_choice":"Bought 3 Potions","damage_taken":0,"max_hp_gain":0,"max_hp_loss":0,"event_name":"The Woman in Blue","floor":48,"gold_loss":0}],"is_beta":false,"boss_relics":[{"not_picked":["Tiny House","Busted Crown"],"picked":"SlaversCollar"},{"not_picked":["Black Blood","Calling Bell"],"picked":"Coffee Dripper"}],"items_purged_floors":[8,19,22],"is_endless":false,"potions_floor_spawned":[1,3,7,12,21,25,30,33,35,42,44],"ascension_level":15}