{"gold_per_floor":[119,138,213,227,240,240,271,271,351,391,405,429,468,493,493,587,587,611,611,39,39,42,42,73,92,92,125,146,61,61,75,75,166,166,189,214,1213,1233,314,353,353,389,389,427,427,450,475,525,525,525],"floor_reached":51,"playtime":2716,"items_purged":["Strike_R","Normality"],"score":1614,"play_id":"32903a5e-3fae-4cf7-b61b-107a030abcfc","local_time":"20230602195612","is_ascension_mode":true,"campfire_choices":[{"data":"Fiend Fire","floor":6.0,"key":"SMITH"},{"floor":15.0,"key":"REST"},{"data":"Armaments","floor":23.0,"key":"SMITH"},{"data":"Uppercut","floor":30.0,"key":"SMITH"},{"data":"Combust","floor":32.0,"key":"SMITH"},{"data":"Normality","floor":41.0,"key":"PURGE"},{"data":"True Grit","floor":45,"key":"SMITH"},{"data":"Rupture","floor":49,"key":"SMITH"}],"neow_cost":"TEN_PERCENT_HP_LOSS","seed_source_timestamp":0,"circlet_count":0,"master_deck":["AscendersBane","Strike_R","Defend_R","Defend_R","Defend_R","Defend_R","Bash","Fiend Fire+1","Armaments+1","Hemokinesis","Pommel Strike","Combust+1","Reaper","Uppercut+1","True Grit+1","Shrug It Off","Ghostly Armor","Feed","Master of Strategy+1","Havoc+1","Offering+1","Rampage","Rage+1","Warcry+1","Flame Barrier+1","Feel No Pain+1","Sentinel+1","Feed","Dark Embrace+1","Dual Wield+1","Rupture+1","Spot Weakness+1","Exhume+1","Shrug It Off+1","Shockwave+1","Sword Boomerang+1","Heavy Blade+1","Ghostly Armor+1"],"special_seed":0,"relics":["Burning Blood","Ice Cream","Golden Idol","Bottled Flame","Ancient Tea Set","Juzu Bracelet","Odd Mushroom","Coffee Dripper","Toxic Egg 2","Peace Pipe","Question Card","Oddly Smooth Stone","The Courier","Black Star","Happy Flower","Letter Opener","Self Forming Clay","Frozen Eye","Pocketwatch","Gremlin Horn","InkBottle","TungstenRod","Turnip","Molten Egg 2","White Beast Statue"],"potions_floor_usage":[44,46,47,50,50],"damage_taken":[{"damage":2.0,"enemies":"2 Louse","floor":1.0,"turns":3.0},{"damage":11.0,"enemies":"Small Slimes","floor":2.0,"turns":3.0},{"damage":2.0,"enemies":"Cultist","floor":4.0,"turns":2.0},{"damage":8.0,"enemies":"Looter","floor":5.0,"turns":2.0},{"damage":17.0,"enemies":"Gremlin Nob","floor":7.0,"turns":3.0},{"damage":10.0,"enemies":"3 Sentries","floor":10.0,"turns":6.0},{"damage":2.0,"enemies":"Large Slime","floor":11.0,"turns":3.0},{"damage":14.0,"enemies":"3 Louse","floor":12.0,"turns":3.0},{"damage":2.0,"enemies":"Lagavulin","floor":13.0,"turns":5.0},{"damage":18.0,"enemies":"The Mushroom Lair","floor":14.0,"turns":4.0},{"damage":27.0,"enemies":"Slime Boss","floor":16.0,"turns":9.0},{"damage":3.0,"enemies":"Spheric Guardian","floor":18.0,"turns":3.0},{"damage":27.0,"enemies":"2 Thieves","floor":22.0,"turns":5.0},{"damage":37.0,"enemies":"Gremlin Leader","floor":24.0,"turns":7.0},{"damage":29.0,"enemies":"Snecko","floor":25.0,"turns":5.0},{"damage":13.0,"enemies":"Book of Stabbing","floor":27.0,"turns":7.0},{"damage":6.0,"enemies":"Shelled Parasite and Fungi","floor":28.0,"turns":3.0},{"damage":6.0,"enemies":"Centurion and Healer","floor":31.0,"turns":7.0},{"damage":37.0,"enemies":"Collector","floor":33.0,"turns":9.0},{"damage":35.0,"enemies":"3 Darklings","floor":35.0,"turns":5.0},{"damage":16.0,"enemies":"Orb Walker","floor":36.0,"turns":5.0},{"damage":12.0,"enemies":"4 Shapes","floor":38.0,"turns":13.0},{"damage":31.0,"enemies":"Nemesis","floor":40.0,"turns":7.0},{"damage":10,"enemies":"Reptomancer","floor":42,"turns":4},{"damage":14,"enemies":"Giant Head","floor":44,"turns":6},{"damage":6,"enemies":"Spire Growth","floor":46,"turns":4},{"damage":9,"enemies":"Jaw Worm Horde","floor":47,"turns":3},{"damage":5,"enemies":"Time Eater","floor":50,"turns":8}],"seed_played":"-175272347394487036","potions_obtained":[{"floor":1.0,"key":"Dexterity Potion"},{"floor":7.0,"key":"BlessingOfTheForge"},{"floor":10.0,"key":"BloodPotion"},{"floor":16.0,"key":"Weak Potion"},{"floor":25.0,"key":"Swift Potion"},{"floor":31.0,"key":"DistilledChaos"},{"floor":33.0,"key":"BlessingOfTheForge"},{"floor":44,"key":"Fire Potion"},{"floor":46,"key":"SteroidPotion"},{"floor":47,"key":"Regen Potion"}],"is_trial":false,"path_per_floor":["M","M","?","M","M","R","E","?","T","E","M","M","E","?","R","B",null,"M","?","$","?","M","R","E","M","T","E","M","?","R","M","R","B",null,"M","M","?","M","$","E","R","E","T","E","R","M","M","?","R","B",null],"character_chosen":"IRONCLAD","basemod:card_modifiers":[null,null,null,null,null,null,null,null,null,null,null,null,null,null,null,null,null,null,null,null,null,null,null,null,null,null,null,null,null,null,null,null,null,null,null,null,null,null],"items_purchased":["Toxic Egg 2","Master of Strategy+1","Havoc+1","Spot Weakness+1","Exhume+1","Happy Flower","Letter Opener","Self Forming Clay","Frozen Eye","CultistPotion"],"campfire_rested":1,"item_purchase_floors":[20,20,20,39,39,39,39,39,39,39],"current_hp_per_floor":[68,63,52,56,54,54,43,20,20,16,28,20,24,12,32,15,55,62,62,62,62,49,49,32,31,31,31,34,34,34,46,46,27,68,53,50,50,66,66,47,47,57,57,59,59,62,71,71,71,100],"gold":525,"neow_bonus":"THREE_RARE_CARDS","is_prod":false,"is_daily":false,"chose_seed":false,"campfire_upgraded":6,"win_rate":0,"timestamp":1685760972,"path_taken":["M","M","?","M","M","R","E","?","T","E","M","M","E","?","R","BOSS","M","?","?","?","M","R","E","M","T","E","M","?","R","M","R","BOSS","M","M","?","M","$","E","R","E","T","E","R","M","M","?","R","BOSS"],"build_version":"2022-12-18","purchased_purges":2,"victory":true,"max_hp_per_floor":[68,68,68,68,68,68,68,68,68,68,68,68,68,68,68,68,68,68,68,68,68,71,71,71,74,74,74,77,77,77,81,81,81,81,81,84,84,90,90,90,90,90,90,93,93,96,104,104,104,104],"relic_stats":{"Ice Cream":[274],"Happy Flower":[10],"Gremlin Horn":[5,5],"counters":[28,144],"Golden Idol":165,"Self Forming Clay":[45],"The Courier":231,"Juzu Bracelet":0,"Letter Opener":[100],"Ancient Tea Set":[14],"Question Card":12,"Burning Blood":164,"White Beast Statue":[0.0,0.0,0.12000000000000002,0.0,0.5800000000000001,0.0,0.30000000000000004,0.0,0.0,0.0,0.0,0.8200000000000001],"Peace Pipe":1,"Frozen Eye":4.901369,"Bottled Flame":"Fiend Fire","Turnip":[0],"Black Star":3,"obtain_stats":[{"Ice Cream":7,"Gremlin Horn":40,"Juzu Bracelet":13,"Ancient Tea Set":10,"Burning Blood":0,"Frozen Eye":39,"Toxic Egg 2":20,"InkBottle":42,"Happy Flower":39,"Golden Idol":8,"Self Forming Clay":39,"Oddly Smooth Stone":27,"The Courier":29,"Letter Opener":39,"Odd Mushroom":14,"Question Card":26,"White Beast Statue":44,"Peace Pipe":24,"Bottled Flame":9,"Molten Egg 2":44,"Turnip":43,"Coffee Dripper":17,"Black Star":34,"TungstenRod":42,"Pocketwatch":40},{"Ice Cream":5,"Gremlin Horn":23,"Juzu Bracelet":9,"Ancient Tea Set":6,"Burning Blood":0,"Frozen Eye":22,"Toxic Egg 2":12,"InkBottle":24,"Happy Flower":22,"Golden Idol":5,"Self Forming Clay":22,"Oddly Smooth Stone":16,"The Courier":17,"Letter Opener":22,"Odd Mushroom":10,"Question Card":15,"White Beast Statue":25,"Peace Pipe":14,"Bottled Flame":5,"Molten Egg 2":25,"Turnip":24,"Coffee Dripper":11,"Black Star":19,"TungstenRod":24,"Pocketwatch":23},{"Ice Cream":13,"Gremlin Horn":119,"Juzu Bracelet":30,"Ancient Tea Set":19,"Burning Blood":0,"Frozen Eye":112,"Toxic Egg 2":46,"InkBottle":123,"Happy Flower":112,"Golden Idol":13,"Self Forming Clay":112,"Oddly Smooth Stone":70,"The Courier":73,"Letter Opener":112,"Odd Mushroom":34,"Question Card":63,"White Beast Statue":129,"Peace Pipe":58,"Bottled Flame":13,"Molten Egg 2":129,"Turnip":123,"Coffee Dripper":43,"Black Star":89,"TungstenRod":123,"Pocketwatch":119}],"InkBottle":[10],"TungstenRod":20,"Pocketwatch":[21]},"card_choices":[{"not_picked":["Corruption","Offering"],"picked":"Fiend Fire","floor":0.0},{"not_picked":["Intimidate","Clothesline"],"picked":"Armaments","floor":1.0},{"not_picked":["Armaments","Wild Strike"],"picked":"Hemokinesis","floor":2.0},{"not_picked":["Carnage","Perfected Strike"],"picked":"Pommel Strike","floor":4.0},{"not_picked":["Clothesline","Carnage"],"picked":"Combust","floor":5.0},{"not_picked":["Wild Strike","Brutality","Perfected Strike"],"picked":"SKIP","floor":7.0},{"not_picked":["Armaments","Thunderclap"],"picked":"Reaper","floor":10.0},{"not_picked":["Hemokinesis","Headbutt"],"picked":"Uppercut","floor":11.0},{"not_picked":["Pommel Strike","Heavy Blade"],"picked":"True Grit","floor":12.0},{"not_picked":["Ghostly Armor","Havoc"],"picked":"Shrug It Off","floor":13.0},{"not_picked":["Rage","Fiend Fire"],"picked":"Ghostly Armor","floor":14.0},{"not_picked":["Demon Form","Barricade"],"picked":"Feed","floor":16.0},{"not_picked":["Warcry","Flex","Body Slam"],"picked":"SKIP","floor":18.0},{"not_picked":["Pommel Strike","Wild Strike"],"picked":"Rage+1","floor":22.0},{"not_picked":["Combust","Iron Wave","Twin Strike"],"picked":"SKIP","floor":24.0},{"not_picked":["Hemokinesis","Body Slam"],"picked":"Warcry+1","floor":25.0},{"not_picked":["Ghostly Armor+1","Searing Blow","Seeing Red+1"],"picked":"Flame Barrier+1","floor":27.0},{"not_picked":["Bludgeon","Pummel","Dual Wield+1"],"picked":"Feel No Pain+1","floor":28.0},{"not_picked":["Thunderclap","Body Slam","Uppercut"],"picked":"Sentinel+1","floor":31.0},{"not_picked":["Immolate","Offering+1","Brutality"],"picked":"Feed","floor":33.0},{"not_picked":["True Grit+1","Twin Strike+1","Cleave"],"picked":"Dark Embrace+1","floor":35.0},{"not_picked":["Entrench+1","Perfected Strike","Searing Blow+1"],"picked":"Dual Wield+1","floor":36.0},{"not_picked":["Iron Wave","Flex+1","Rage+1"],"picked":"Rupture","floor":38.0},{"not_picked":["Dual Wield+1","Thunderclap","Rupture"],"picked":"Shrug It Off+1","floor":40.0},{"not_picked":["Sword Boomerang","Seeing Red+1","Spot Weakness+1"],"picked":"Shockwave+1","floor":42},{"not_picked":["Clothesline+1","Spot Weakness+1","Immolate+1"],"picked":"Sword Boomerang+1","floor":44},{"not_picked":["Sword Boomerang+1","Uppercut+1","True Grit+1"],"picked":"Heavy Blade+1","floor":46},{"not_picked":["Intimidate+1","Perfected Strike+1","Heavy Blade+1"],"picked":"Ghostly Armor+1","floor":47}],"player_experience":5603786,"relics_obtained":[{"floor":7.0,"key":"Ice Cream"},{"floor":9.0,"key":"Bottled Flame"},{"floor":10.0,"key":"Ancient Tea Set"},{"floor":13.0,"key":"Juzu Bracelet"},{"floor":14.0,"key":"Odd Mushroom"},{"floor":24.0,"key":"Peace Pipe"},{"floor":26.0,"key":"Question Card"},{"floor":27.0,"key":"Oddly Smooth Stone"},{"floor":40.0,"key":"Pocketwatch"},{"floor":40.0,"key":"Gremlin Horn"},{"floor":42,"key":"InkBottle"},{"floor":42,"key":"TungstenRod"},{"floor":43,"key":"Turnip"},{"floor":44,"key":"Molten Egg 2"},{"floor":44,"key":"White Beast Statue"}],"event_choices":[{"damage_healed":0.0,"max_hp_gain":0.0,"max_hp_loss":0.0,"gold_gain":75.0,"event_name":"World of Goop","player_choice":"Gather Gold","floor":3.0,"gold_loss":0.0,"damage_taken":11.0},{"damage_healed":0.0,"max_hp_gain":0.0,"max_hp_loss":0.0,"gold_gain":0.0,"event_name":"Golden Idol","player_choice":"Take Damage","floor":8.0,"gold_loss":0.0,"damage_taken":23.0,"relics_obtained":["Golden Idol"]},{"damage_healed":0.0,"max_hp_gain":0.0,"max_hp_loss":0.0,"gold_gain":0.0,"event_name":"Mushrooms","player_choice":"Fought Mushrooms","floor":14.0,"gold_loss":0.0,"damage_taken":0.0},{"cards_removed":["Strike_R"],"damage_healed":0.0,"max_hp_gain":0.0,"max_hp_loss":0.0,"gold_gain":0.0,"event_name":"Purifier","player_choice":"Purged","floor":19.0,"gold_loss":0.0,"damage_taken":0.0},{"damage_healed":0.0,"max_hp_gain":0.0,"max_hp_loss":0.0,"gold_gain":0.0,"cards_transformed":["Strike_R","Strike_R"],"event_name":"Drug Dealer","player_choice":"Became Test Subject","floor":21.0,"gold_loss":0.0,"damage_taken":0.0,"cards_obtained":["Offering","Rampage"]},{"damage_healed":0.0,"max_hp_gain":0.0,"max_hp_loss":0.0,"gold_gain":0.0,"event_name":"Addict","player_choice":"Obtained Relic","floor":29.0,"gold_loss":85.0,"damage_taken":0.0,"relics_obtained":["The Courier"]},{"damage_healed":0.0,"max_hp_gain":0.0,"max_hp_loss":0.0,"gold_gain":999.0,"event_name":"MindBloom","player_choice":"Gold","floor":37.0,"gold_loss":0.0,"damage_taken":0.0,"cards_obtained":["Normality","Normality"]},{"damage_healed":0,"gold_gain":50,"player_choice":"Pray","damage_taken":0,"max_hp_gain":0,"max_hp_loss":0,"event_name":"Golden Shrine","floor":48,"gold_loss":0}],"is_beta":false,"boss_relics":[{"not_picked":["Astrolabe","Fusion Hammer"],"picked":"Coffee Dripper"},{"not_picked":["Tiny House","Sozu"],"picked":"Black Star"}],"items_purged_floors":[20,39],"is_endless":false,"potions_floor_spawned":[1,7,10,16,18,25,31,33,36,42,44,46,47],"ascension_level":15}