{"gold_per_floor":[34,90,15,74,74,124,124,204,204,204,254,254,267,311,311,383,383,403,438,463,400,441,497,497,548,548,82,108,145,20,20,20,94,94,108,0,0,41,41,69,85,137,162,187,198,198,209,243,243,243],"floor_reached":51,"playtime":2259,"items_purged":["Strike_R","Anger","Rage"],"score":1594,"play_id":"2edd5695-ecb9-400f-b9d7-e9657975b203","local_time":"20230603163918","is_ascension_mode":true,"campfire_choices":[{"floor":7,"key":"REST"},{"data":"Bash","floor":12,"key":"SMITH"},{"data":"True Grit","floor":15,"key":"SMITH"},{"floor":24,"key":"REST"},{"data":"Immolate","floor":32,"key":"SMITH"},{"data":"Impervious","floor":49,"key":"SMITH"}],"neow_cost":"NO_GOLD","seed_source_timestamp":81257547839000,"circlet_count":0,"master_deck":["AscendersBane","Strike_R","Strike_R","Strike_R","Strike_R","Defend_R","Defend_R","Defend_R+1","Defend_R","Bash+1","HandOfGreed+1","Pommel Strike","Power Through","Immolate+1","True Grit+1","Battle Trance","Impervious+1","Carnage","Flame Barrier+1","Impervious+1","Evolve+1","Dark Shackles","Whirlwind+1","Feel No Pain+1","Armaments+1","Feel No Pain+1"],"relics":["Burning Blood","Turnip","Mercury Hourglass","Paper Frog","Dead Branch","Snecko Eye","Blue Candle","Oddly Smooth Stone","StoneCalendar","Frozen Egg 2","Pocketwatch","War Paint","Coffee Dripper","Red Mask","Lantern","Red Skull","Anchor","Centennial Puzzle","Akabeko"],"potions_floor_usage":[11,14,16,22,28,33,50,50],"damage_taken":[{"damage":1,"enemies":"Cultist","floor":1,"turns":3},{"damage":12,"enemies":"2 Louse","floor":2,"turns":5},{"damage":13,"enemies":"Small Slimes","floor":4,"turns":3},{"damage":16,"enemies":"Gremlin Nob","floor":6,"turns":3},{"damage":20,"enemies":"3 Sentries","floor":8,"turns":8},{"damage":13,"enemies":"Gremlin Nob","floor":11,"turns":3},{"damage":3,"enemies":"Exordium Thugs","floor":13,"turns":2},{"damage":0,"enemies":"Red Slaver","floor":14,"turns":3},{"damage":25,"enemies":"Hexaghost","floor":16,"turns":8},{"damage":0,"enemies":"Spheric Guardian","floor":18,"turns":3},{"damage":0,"enemies":"3 Byrds","floor":19,"turns":4},{"damage":3,"enemies":"Cultist and Chosen","floor":22,"turns":3},{"damage":50,"enemies":"Book of Stabbing","floor":23,"turns":5},{"damage":32,"enemies":"Gremlin Leader","floor":25,"turns":6},{"damage":2,"enemies":"Book of Stabbing","floor":28,"turns":4},{"damage":0,"enemies":"Snecko","floor":29,"turns":3},{"damage":43,"enemies":"Champ","floor":33,"turns":10},{"damage":0,"enemies":"3 Darklings","floor":35,"turns":3},{"damage":0,"enemies":"Orb Walker","floor":38,"turns":4},{"damage":6,"enemies":"Nemesis","floor":40,"turns":7},{"damage":0,"enemies":"3 Darklings","floor":41,"turns":3},{"damage":0,"enemies":"Reptomancer","floor":42,"turns":5},{"damage":0,"enemies":"Nemesis","floor":44,"turns":7},{"damage":0,"enemies":"Writhing Mass","floor":45,"turns":7},{"damage":0,"enemies":"Sphere and 2 Shapes","floor":47,"turns":2},{"damage":39,"enemies":"Giant Head","floor":48,"turns":9},{"damage":31,"enemies":"Time Eater","floor":50,"turns":14}],"seed_played":"1400417732504325521","potions_obtained":[{"floor":1,"key":"Ancient Potion"},{"floor":8,"key":"LiquidMemories"},{"floor":11,"key":"DuplicationPotion"},{"floor":14,"key":"BloodPotion"},{"floor":19,"key":"DuplicationPotion"},{"floor":28,"key":"CultistPotion"},{"floor":29,"key":"BloodPotion"},{"floor":35,"key":"Fire Potion"},{"floor":38,"key":"Strength Potion"},{"floor":42,"key":"Weak Potion"}],"is_trial":false,"path_per_floor":["M","M","$","M","?","E","R","E","T","?","E","R","M","M","R","B",null,"M","M","T","?","M","E","R","E","T","$","E","M","$","?","R","B",null,"M","?","$","M","?","E","M","E","T","E","M","?","M","E","R","B",null],"character_chosen":"IRONCLAD","basemod:card_modifiers":[null,null,null,null,null,null,null,null,null,null,null,null,null,null,null,null,null,null,null,null,null,null,null,null,null,null],"items_purchased":["Pocketwatch","LiquidMemories"],"campfire_rested":2,"item_purchase_floors":[27,27],"current_hp_per_floor":[73,67,67,60,37,27,49,35,35,35,28,28,31,37,37,18,61,67,73,73,73,75,31,53,27,27,27,46,52,52,52,52,15,60,66,66,66,72,62,62,68,74,74,75,75,75,75,42,42,17],"gold":243,"neow_bonus":"RANDOM_COLORLESS_2","is_prod":false,"is_daily":false,"chose_seed":false,"campfire_upgraded":4,"win_rate":0,"timestamp":1685835558,"path_taken":["M","M","$","M","?","E","R","E","T","?","E","R","M","M","R","BOSS","M","M","?","?","?","E","R","E","T","?","E","M","$","?","R","BOSS","M","?","$","M","?","E","M","E","T","E","M","?","M","E","R","BOSS"],"build_version":"2022-12-18","purchased_purges":3,"victory":true,"max_hp_per_floor":[75,75,75,75,75,75,75,75,75,75,75,75,75,75,75,75,75,75,75,75,75,75,75,75,75,75,75,75,75,75,75,75,75,75,75,75,75,75,75,75,75,75,75,75,75,75,75,75,75,75],"relic_stats":{"Centennial Puzzle":[3],"counters":[27,137],"Dead Branch":[64],"Blue Candle":[0],"Snecko Eye":[170,215,219,202,-300],"StoneCalendar":[181],"Turnip":[10],"War Paint":["Flame Barrier","Impervious"],"obtain_stats":[{"Lantern":40,"Dead Branch":11,"Blue Candle":21,"Oddly Smooth Stone":23,"StoneCalendar":25,"Frozen Egg 2":26,"War Paint":28,"Burning Blood":0,"Akabeko":48,"Mercury Hourglass":8,"Anchor":43,"Centennial Puzzle":44,"Snecko Eye":17,"Turnip":6,"Coffee Dripper":34,"Red Mask":36,"Red Skull":42,"Paper Frog":9,"Pocketwatch":27},{"Lantern":20,"Dead Branch":6,"Blue Candle":11,"Oddly Smooth Stone":13,"StoneCalendar":14,"Frozen Egg 2":14,"War Paint":15,"Burning Blood":0,"Akabeko":26,"Mercury Hourglass":5,"Anchor":22,"Centennial Puzzle":23,"Snecko Eye":9,"Turnip":4,"Coffee Dripper":17,"Red Mask":18,"Red Skull":22,"Paper Frog":5,"Pocketwatch":14},{"Lantern":90,"Dead Branch":25,"Blue Candle":45,"Oddly Smooth Stone":53,"StoneCalendar":59,"Frozen Egg 2":59,"War Paint":63,"Burning Blood":0,"Akabeko":123,"Mercury Hourglass":22,"Anchor":98,"Centennial Puzzle":105,"Snecko Eye":38,"Turnip":14,"Coffee Dripper":76,"Red Mask":79,"Red Skull":98,"Paper Frog":22,"Pocketwatch":59}],"Burning Blood":144,"Mercury Hourglass":[375],"Pocketwatch":[150]},"card_choices":[{"not_picked":["Transmutation","Mayhem"],"picked":"HandOfGreed","floor":0},{"not_picked":["Sword Boomerang","Thunderclap"],"picked":"Pommel Strike","floor":1},{"not_picked":["Rampage","Pummel"],"picked":"Power Through","floor":2},{"not_picked":["Seeing Red","Clothesline"],"picked":"Anger","floor":4},{"not_picked":["Wild Strike","Disarm"],"picked":"Rage","floor":6},{"not_picked":["Carnage","Clash","Dropkick"],"picked":"SKIP","floor":8},{"not_picked":["Rampage","Pommel Strike"],"picked":"True Grit","floor":11},{"not_picked":["Heavy Blade","Flex","Perfected Strike"],"picked":"SKIP","floor":13},{"not_picked":["Shockwave","Second Wind"],"picked":"Battle Trance","floor":14},{"not_picked":["Limit Break","Juggernaut"],"picked":"Impervious","floor":16},{"not_picked":["Clash","Havoc","Combust"],"picked":"SKIP","floor":18},{"not_picked":["Warcry","Body Slam","Carnage"],"picked":"SKIP","floor":19},{"not_picked":["Warcry","Body Slam"],"picked":"Carnage","floor":19},{"not_picked":["Clash+1","Pommel Strike","Warcry+1"],"picked":"SKIP","floor":22},{"not_picked":["Twin Strike","Iron Wave"],"picked":"Flame Barrier","floor":23},{"not_picked":["Heavy Blade","Iron Wave","Havoc"],"picked":"SKIP","floor":25},{"not_picked":["Double Tap","Sever Soul","Headbutt"],"picked":"SKIP","floor":28},{"not_picked":["Body Slam","Warcry","True Grit"],"picked":"SKIP","floor":29},{"not_picked":["Exhume","Limit Break"],"picked":"Impervious","floor":33},{"not_picked":["Anger+1","Sword Boomerang"],"picked":"Evolve+1","floor":35},{"not_picked":["Body Slam","Clothesline","Thunderclap"],"picked":"SKIP","floor":38},{"not_picked":["Purity","Secret Weapon"],"picked":"Dark Shackles","floor":39},{"not_picked":["Cleave+1","Searing Blow"],"picked":"Whirlwind+1","floor":40},{"not_picked":["Thunderclap","Reckless Charge"],"picked":"Feel No Pain+1","floor":41},{"not_picked":["Perfected Strike+1","Havoc"],"picked":"Armaments+1","floor":42},{"not_picked":["Burning Pact","Whirlwind"],"picked":"Dual Wield+1","floor":44},{"not_picked":["Immolate","Intimidate+1","Blood for Blood"],"picked":"SKIP","floor":45},{"not_picked":["Ghostly Armor","Cleave","Heavy Blade"],"picked":"SKIP","floor":47},{"not_picked":["Seeing Red","Clothesline"],"picked":"Feel No Pain+1","floor":48}],"player_experience":5609012,"relics_obtained":[{"floor":6,"key":"Turnip"},{"floor":8,"key":"Mercury Hourglass"},{"floor":9,"key":"Paper Frog"},{"floor":11,"key":"Dead Branch"},{"floor":23,"key":"Oddly Smooth Stone"},{"floor":25,"key":"StoneCalendar"},{"floor":26,"key":"Frozen Egg 2"},{"floor":28,"key":"War Paint"},{"floor":40,"key":"Lantern"},{"floor":42,"key":"Red Skull"},{"floor":43,"key":"Anchor"},{"floor":44,"key":"Centennial Puzzle"},{"floor":48,"key":"Akabeko"}],"event_choices":[{"damage_healed":0,"gold_gain":0,"player_choice":"Entered Light","damage_taken":23,"max_hp_gain":0,"max_hp_loss":0,"event_name":"Shining Light","floor":5,"gold_loss":0,"cards_upgraded":["Defend_R","HandOfGreed"]},{"damage_healed":0,"gold_gain":0,"player_choice":"1 cards matched","damage_taken":0,"max_hp_gain":0,"max_hp_loss":0,"event_name":"Match and Keep!","floor":10,"gold_loss":0,"cards_obtained":["Immolate"]},{"damage_healed":0,"gold_gain":0,"player_choice":"Paid Gold","damage_taken":0,"relics_obtained":["Blue Candle"],"max_hp_gain":0,"max_hp_loss":0,"event_name":"WeMeetAgain","floor":21,"gold_loss":63},{"damage_healed":0,"gold_gain":0,"player_choice":"Ignored","damage_taken":0,"max_hp_gain":0,"max_hp_loss":0,"event_name":"Vampires","floor":31,"gold_loss":0},{"damage_healed":0,"gold_gain":0,"player_choice":"Paid","damage_taken":0,"relics_obtained":["Red Mask"],"max_hp_gain":0,"max_hp_loss":0,"event_name":"Tomb of Lord Red Mask","floor":36,"gold_loss":108},{"damage_healed":0,"gold_gain":0,"player_choice":"Memory 3","damage_taken":10,"max_hp_gain":0,"max_hp_loss":0,"event_name":"SensoryStone","floor":39,"gold_loss":0},{"cards_removed":["Dual Wield"],"damage_healed":0,"gold_gain":0,"player_choice":"Removed Skill","damage_taken":0,"max_hp_gain":0,"max_hp_loss":0,"event_name":"Falling","floor":46,"gold_loss":0}],"is_beta":false,"boss_relics":[{"not_picked":["Empty Cage","Astrolabe"],"picked":"Snecko Eye"},{"not_picked":["Mark of Pain","Calling Bell"],"picked":"Coffee Dripper"}],"items_purged_floors":[3,27,30],"is_endless":false,"potions_floor_spawned":[1,8,11,14,19,28,29,35,38,42,45,47],"ascension_level":15}