{"gold_per_floor":[18,37,56,66,79,112,112,146,146,163,163,163,189,62,62,136,136,153,78,91,105,11,40,40,72,72,72,98,118,118],"floor_reached":30,"playtime":1596,"items_purged":["Strike_R"],"score":543,"play_id":"ac1c60c4-38fe-48c4-82a0-f57b4fb44791","local_time":"20230603211535","is_ascension_mode":true,"campfire_choices":[{"data":"The Bomb","floor":7.0,"key":"SMITH"},{"data":"Hemokinesis","floor":12.0,"key":"SMITH"},{"data":"Disarm","floor":15.0,"key":"SMITH"},{"floor":24.0,"key":"REST"},{"data":"Armaments","floor":27.0,"key":"SMITH"}],"neow_cost":"NO_GOLD","seed_source_timestamp":98359376557400,"circlet_count":0,"master_deck":["AscendersBane","Strike_R","Strike_R","Strike_R","Defend_R","Defend_R","Defend_R","Defend_R","Bash","The Bomb+1","Twin Strike","Hemokinesis+1","Anger","True Grit","Battle Trance","Disarm+1","Flame Barrier","Offering","Cleave+1","Shrug It Off","Headbutt","Battle Trance","Armaments+1","Second Wind"],"special_seed":0,"relics":["Burning Blood","Omamori","Kunai","Gremlin Horn","Champion Belt","Philosopher\u0027s Stone","Mercury Hourglass","Juzu Bracelet","Singing Bowl","Oddly Smooth Stone"],"potions_floor_usage":[30],"damage_taken":[{"damage":6.0,"enemies":"Cultist","floor":1.0,"turns":4.0},{"damage":9.0,"enemies":"Jaw Worm","floor":2.0,"turns":3.0},{"damage":2.0,"enemies":"Small Slimes","floor":3.0,"turns":2.0},{"damage":7.0,"enemies":"2 Fungi Beasts","floor":4.0,"turns":3.0},{"damage":8.0,"enemies":"3 Louse","floor":5.0,"turns":5.0},{"damage":25.0,"enemies":"Lagavulin","floor":6.0,"turns":6.0},{"damage":25.0,"enemies":"Gremlin Nob","floor":8.0,"turns":4.0},{"damage":6.0,"enemies":"Exordium Thugs","floor":10.0,"turns":5.0},{"damage":16.0,"enemies":"3 Sentries","floor":13.0,"turns":5.0},{"damage":6.0,"enemies":"Hexaghost","floor":16.0,"turns":9.0},{"damage":14.0,"enemies":"2 Thieves","floor":18.0,"turns":3.0},{"damage":5.0,"enemies":"Shell Parasite","floor":20.0,"turns":5.0},{"damage":13.0,"enemies":"Shelled Parasite and Fungi","floor":21.0,"turns":3.0},{"damage":15.0,"enemies":"Book of Stabbing","floor":23.0,"turns":4.0},{"damage":11.0,"enemies":"Gremlin Leader","floor":25.0,"turns":5.0},{"damage":48.0,"enemies":"Slavers","floor":28.0,"turns":3.0},{"damage":14.0,"enemies":"Snake Plant","floor":29.0,"turns":3.0},{"damage":18,"enemies":"Colosseum Slavers","floor":30,"turns":1}],"seed_played":"-5175532586706015684","potions_obtained":[{"floor":2.0,"key":"BloodPotion"},{"floor":3.0,"key":"SkillPotion"},{"floor":4.0,"key":"BlessingOfTheForge"},{"floor":8.0,"key":"Block Potion"},{"floor":21.0,"key":"Ancient Potion"},{"floor":23.0,"key":"Strength Potion"}],"is_trial":false,"path_per_floor":["M","M","M","M","M","E","R","E","T","M","?","R","E","$","R","B",null,"M","?","M","M","$","E","R","E","T","R","E","M","?"],"character_chosen":"IRONCLAD","basemod:card_modifiers":[null,null,null,null,null,null,null,null,null,null,null,null,null,null,null,null,null,null,null,null,null,null,null,null],"items_purchased":["Weak Potion","Battle Trance","Armaments"],"campfire_rested":1,"item_purchase_floors":[14,22,22],"current_hp_per_floor":[68,65,69,75,73,54,54,35,35,35,35,35,25,25,25,25,63,55,55,56,49,49,40,62,57,57,57,17,9,0],"gold":118,"neow_bonus":"RANDOM_COLORLESS_2","is_prod":false,"is_daily":false,"chose_seed":false,"campfire_upgraded":4,"win_rate":0,"timestamp":1685852135,"path_taken":["M","M","?","M","M","E","R","E","T","M","?","R","E","?","R","BOSS","M","?","M","M","$","E","R","E","T","R","E","M","?"],"build_version":"2022-12-18","purchased_purges":1,"victory":false,"max_hp_per_floor":[75,75,75,75,75,75,75,75,75,75,75,75,75,75,75,75,75,75,75,75,75,75,75,75,75,75,75,77,77,77],"relic_stats":{"Gremlin Horn":[5,8],"Singing Bowl":2,"counters":[18,73],"Omamori":0,"Juzu Bracelet":0,"Kunai":[11],"Champion Belt":[7],"obtain_stats":[{"Gremlin Horn":9,"Singing Bowl":26,"Oddly Smooth Stone":28,"Philosopher\u0027s Stone":17,"Omamori":6,"Juzu Bracelet":25,"Kunai":8,"Champion Belt":13,"Burning Blood":0,"Mercury Hourglass":23},{"Gremlin Horn":7,"Singing Bowl":15,"Oddly Smooth Stone":16,"Philosopher\u0027s Stone":10,"Omamori":6,"Juzu Bracelet":15,"Kunai":7,"Champion Belt":9,"Burning Blood":0,"Mercury Hourglass":14},{"Gremlin Horn":27,"Singing Bowl":66,"Oddly Smooth Stone":69,"Philosopher\u0027s Stone":46,"Omamori":23,"Juzu Bracelet":66,"Kunai":27,"Champion Belt":37,"Burning Blood":0,"Mercury Hourglass":61}],"Burning Blood":102,"Mercury Hourglass":[78]},"card_choices":[{"not_picked":["Thinking Ahead","Mayhem"],"picked":"The Bomb","floor":0.0},{"not_picked":["Iron Wave","Power Through"],"picked":"Twin Strike","floor":1.0},{"not_picked":["Warcry","Blood for Blood"],"picked":"Hemokinesis","floor":2.0},{"not_picked":["Twin Strike","Sword Boomerang"],"picked":"Anger","floor":3.0},{"not_picked":["Fire Breathing","Entrench"],"picked":"True Grit","floor":4.0},{"not_picked":["Warcry","Havoc","Double Tap"],"picked":"SKIP","floor":5.0},{"not_picked":["Infernal Blade","Twin Strike","Havoc"],"picked":"SKIP","floor":6.0},{"not_picked":["Clothesline","Cleave","Heavy Blade"],"picked":"SKIP","floor":8.0},{"not_picked":["Warcry","Dropkick"],"picked":"Battle Trance","floor":10.0},{"not_picked":["Perfected Strike","Evolve"],"picked":"Flame Barrier","floor":13.0},{"not_picked":["Limit Break","Fiend Fire"],"picked":"Offering","floor":16.0},{"not_picked":["Dual Wield","Flex"],"picked":"Cleave+1","floor":18.0},{"not_picked":["Dual Wield","Clash"],"picked":"Shrug It Off","floor":20.0},{"not_picked":["Perfected Strike","Warcry"],"picked":"Headbutt","floor":21.0},{"not_picked":["Sword Boomerang","Rampage","Intimidate"],"picked":"SKIP","floor":23.0},{"not_picked":["Anger+1","Infernal Blade","Dual Wield"],"picked":"SKIP","floor":25.0},{"not_picked":["Rampage","Anger","Flame Barrier"],"picked":"Singing Bowl","floor":28.0},{"not_picked":["Sword Boomerang","Disarm"],"picked":"Second Wind","floor":29.0}],"player_experience":5613154,"relics_obtained":[{"floor":6.0,"key":"Omamori"},{"floor":8.0,"key":"Kunai"},{"floor":9.0,"key":"Gremlin Horn"},{"floor":13.0,"key":"Champion Belt"},{"floor":23.0,"key":"Mercury Hourglass"},{"floor":25.0,"key":"Juzu Bracelet"},{"floor":26.0,"key":"Singing Bowl"},{"floor":28.0,"key":"Oddly Smooth Stone"}],"event_choices":[{"damage_healed":0.0,"max_hp_gain":0.0,"max_hp_loss":0.0,"gold_gain":0.0,"event_name":"Match and Keep!","player_choice":"1 cards matched","floor":11.0,"gold_loss":0.0,"damage_taken":0.0,"cards_obtained":["Disarm"]},{"cards_removed":["Strike_R"],"damage_healed":0.0,"max_hp_gain":0.0,"max_hp_loss":0.0,"gold_gain":0.0,"event_name":"Beggar","player_choice":"Gave Gold","floor":19.0,"gold_loss":75.0,"damage_taken":0.0},{"damage_healed":0,"gold_gain":0,"player_choice":"Fight","damage_taken":0,"max_hp_gain":0,"max_hp_loss":0,"event_name":"Colosseum","floor":30,"gold_loss":0}],"is_beta":false,"boss_relics":[{"not_picked":["SacredBark","Runic Pyramid"],"picked":"Philosopher\u0027s Stone"}],"items_purged_floors":[14],"is_endless":false,"potions_floor_spawned":[2,3,4,8,16,18,21,23],"killed_by":"Colosseum Slavers","ascension_level":15}