{"gold_per_floor":[116,131,131,50,50,83,83,114,139,139,139,154,180,190,190,268,268,279,259,272,282,62,95,95,121,203,203,203,218,33,51,51,51],"floor_reached":33,"playtime":1100,"items_purged":["Strike_R","Strike_R"],"score":530,"play_id":"f48c733a-629a-4df6-9c3c-66c581888065","local_time":"20230610201034","is_ascension_mode":true,"campfire_choices":[{"data":"Bash","floor":7.0,"key":"SMITH"},{"data":"Combust","floor":11.0,"key":"SMITH"},{"data":"Armaments","floor":15.0,"key":"SMITH"},{"floor":24,"key":"REST"},{"data":"Limit Break","floor":27,"key":"SMITH"},{"floor":32,"key":"REST"}],"neow_cost":"NONE","seed_source_timestamp":95746392412400,"circlet_count":0,"master_deck":["AscendersBane","Strike_R","Strike_R","Defend_R","Defend_R","Defend_R","Defend_R","Bash+1","Combust+1","Ghostly Armor","Rampage","Power Through","Heavy Blade","Inflame+1","Armaments+1","Limit Break+1","Cleave","Battle Trance","Bloodletting","Feel No Pain+1","Dark Embrace+1","Shrug It Off","Twin Strike"],"special_seed":0,"relics":["Burning Blood","Lantern","Bronze Scales","Frozen Egg 2","Meat on the Bone","Bag of Preparation","Orichalcum","Black Star","PreservedInsect","Omamori","Strawberry","Tiny Chest","Du-Vu Doll","Ornamental Fan"],"potions_floor_usage":[23,25,33],"damage_taken":[{"damage":2.0,"enemies":"2 Louse","floor":1.0,"turns":3.0},{"damage":2.0,"enemies":"Small Slimes","floor":2.0,"turns":3.0},{"damage":19.0,"enemies":"3 Sentries","floor":6.0,"turns":6.0},{"damage":7.0,"enemies":"Gremlin Nob","floor":8.0,"turns":4.0},{"damage":1.0,"enemies":"Cultist","floor":12.0,"turns":3.0},{"damage":20.0,"enemies":"Lagavulin","floor":13.0,"turns":5.0},{"damage":7.0,"enemies":"Looter","floor":14.0,"turns":4.0},{"damage":23.0,"enemies":"Hexaghost","floor":16.0,"turns":8.0},{"damage":23.0,"enemies":"2 Thieves","floor":18.0,"turns":4.0},{"damage":6.0,"enemies":"Spheric Guardian","floor":20.0,"turns":3.0},{"damage":42.0,"enemies":"Snake Plant","floor":21.0,"turns":5.0},{"damage":26,"enemies":"Book of Stabbing","floor":23,"turns":4},{"damage":15,"enemies":"Slavers","floor":25,"turns":4},{"damage":25,"enemies":"Centurion and Healer","floor":29,"turns":6},{"damage":37,"enemies":"Shelled Parasite and Fungi","floor":31,"turns":11},{"damage":59,"enemies":"Automaton","floor":33,"turns":6}],"seed_played":"3732089097441193885","potions_obtained":[{"floor":1.0,"key":"SkillPotion"},{"floor":2.0,"key":"EssenceOfSteel"},{"floor":6.0,"key":"Energy Potion"},{"floor":13.0,"key":"Explosive Potion"},{"floor":16.0,"key":"PowerPotion"},{"floor":29,"key":"BlessingOfTheForge"}],"is_trial":false,"path_per_floor":["M","M","?","$","?","E","R","E","T","?","R","M","E","M","R","B",null,"M","?","M","M","$","E","R","E","T","R","?","M","$","M","R","B"],"character_chosen":"IRONCLAD","basemod:card_modifiers":[null,null,null,null,null,null,null,null,null,null,null,null,null,null,null,null,null,null,null,null,null,null,null],"items_purchased":["Rampage","PreservedInsect","Dark Embrace+1","Shrug It Off"],"campfire_rested":2,"item_purchase_floors":[4,22,30,30],"current_hp_per_floor":[72,75,57,57,57,44,44,43,43,36,36,53,51,50,50,45,68,51,51,51,27,27,26,50,53,53,53,53,46,46,27,51,0],"gold":51,"neow_bonus":"RANDOM_COMMON_RELIC","is_prod":false,"is_daily":false,"chose_seed":false,"campfire_upgraded":4,"win_rate":0,"timestamp":1686453034,"path_taken":["M","M","?","$","?","E","R","E","T","?","R","M","E","M","R","BOSS","M","?","?","M","$","E","R","E","T","R","?","M","$","M","R","BOSS"],"build_version":"2022-12-18","purchased_purges":2,"victory":false,"max_hp_per_floor":[75,75,75,75,75,75,75,75,75,75,75,75,75,75,75,75,75,75,75,75,75,75,82,82,82,82,82,82,82,82,82,82,82],"relic_stats":{"counters":[16,79],"Ornamental Fan":[0],"Bronze Scales":[214],"Tiny Chest":0,"PreservedInsect":84,"Bag of Preparation":[24],"Black Star":2,"Omamori":0,"Orichalcum":[102],"obtain_stats":[{"Lantern":0,"PreservedInsect":22,"Bag of Preparation":9,"Omamori":23,"Frozen Egg 2":6,"Orichalcum":13,"Burning Blood":0,"Du-Vu Doll":25,"Ornamental Fan":26,"Bronze Scales":3,"Strawberry":23,"Tiny Chest":25,"Black Star":17,"Meat on the Bone":8},{"Lantern":0,"PreservedInsect":11,"Bag of Preparation":4,"Omamori":12,"Frozen Egg 2":3,"Orichalcum":6,"Burning Blood":0,"Du-Vu Doll":13,"Ornamental Fan":13,"Bronze Scales":2,"Strawberry":12,"Tiny Chest":13,"Black Star":8,"Meat on the Bone":4},{"Lantern":0,"PreservedInsect":48,"Bag of Preparation":16,"Omamori":52,"Frozen Egg 2":12,"Orichalcum":24,"Burning Blood":0,"Du-Vu Doll":56,"Ornamental Fan":56,"Bronze Scales":6,"Strawberry":52,"Tiny Chest":56,"Black Star":36,"Meat on the Bone":16}],"Burning Blood":89,"Meat on the Bone":96},"card_choices":[{"not_picked":["Sentinel","Thunderclap"],"picked":"Combust","floor":1.0},{"not_picked":["Sentinel","Searing Blow"],"picked":"Ghostly Armor","floor":2.0},{"not_picked":["Warcry","Flex"],"picked":"Power Through","floor":6.0},{"not_picked":["Warcry","Sword Boomerang","Havoc"],"picked":"SKIP","floor":8.0},{"not_picked":["True Grit","Warcry"],"picked":"Heavy Blade","floor":12.0},{"not_picked":["Havoc","Metallicize+1"],"picked":"Inflame+1","floor":13.0},{"not_picked":["Rampage","Reckless Charge"],"picked":"Armaments","floor":14.0},{"not_picked":["Impervious","Feed"],"picked":"Limit Break","floor":16.0},{"not_picked":["Thunderclap","Warcry"],"picked":"Cleave","floor":18.0},{"not_picked":["Rage","Warcry"],"picked":"Battle Trance","floor":20.0},{"not_picked":["Wild Strike","Infernal Blade","Flex"],"picked":"SKIP","floor":21.0},{"not_picked":["Clothesline","Carnage","Flex"],"picked":"SKIP","floor":23},{"not_picked":["Barricade+1","Burning Pact"],"picked":"Bloodletting","floor":25},{"not_picked":["Clash+1","Iron Wave","Flex"],"picked":"SKIP","floor":29},{"not_picked":["Thunderclap","Armaments"],"picked":"Twin Strike","floor":31}],"player_experience":5636576,"relics_obtained":[{"floor":6.0,"key":"Frozen Egg 2"},{"floor":8.0,"key":"Meat on the Bone"},{"floor":9.0,"key":"Bag of Preparation"},{"floor":13.0,"key":"Orichalcum"},{"floor":23,"key":"Omamori"},{"floor":23,"key":"Strawberry"},{"floor":25,"key":"Tiny Chest"},{"floor":25,"key":"Du-Vu Doll"},{"floor":26,"key":"Ornamental Fan"}],"event_choices":[{"damage_healed":0.0,"max_hp_gain":0.0,"max_hp_loss":0.0,"gold_gain":0.0,"event_name":"Scrap Ooze","player_choice":"Success","floor":3.0,"gold_loss":0.0,"damage_taken":18.0,"relics_obtained":["Bronze Scales"]},{"damage_healed":0.0,"max_hp_gain":0.0,"max_hp_loss":0.0,"gold_gain":0.0,"event_name":"Liars Game","player_choice":"Ignored","floor":5.0,"gold_loss":0.0,"damage_taken":0.0},{"cards_removed":["Strike_R"],"damage_healed":0.0,"max_hp_gain":0.0,"max_hp_loss":0.0,"gold_gain":0.0,"event_name":"Golden Wing","player_choice":"Card Removal","floor":10.0,"gold_loss":0.0,"damage_taken":7.0},{"damage_healed":0.0,"max_hp_gain":0.0,"max_hp_loss":0.0,"gold_gain":0.0,"event_name":"The Woman in Blue","player_choice":"Bought 1 Potion","floor":19.0,"gold_loss":0.0,"damage_taken":0.0},{"damage_healed":0,"gold_gain":0,"player_choice":"Read","damage_taken":0,"max_hp_gain":0,"max_hp_loss":0,"event_name":"The Library","floor":28,"gold_loss":0,"cards_obtained":["Feel No Pain"]}],"is_beta":false,"boss_relics":[{"not_picked":["Black Blood","Runic Cube"],"picked":"Black Star"}],"items_purged_floors":[22,30],"is_endless":false,"potions_floor_spawned":[1,2,6,13,16,20,21,29],"killed_by":"Automaton","ascension_level":15}