{"gold_per_floor":[368,165,178,192,117,149,149,178,203,222,253,253,273,287,287,358,358,377,377,47,47,60,87,36,47,73,83,83,117,134,162,162,233,233,253,1252,564,579,590,623,623,657,657,657,682,682,700,747,747,747],"floor_reached":51,"playtime":2009,"items_purged":["Normality","Strike_R","Normality"],"score":1477,"play_id":"4e536944-84cc-4f3d-9d02-7e41339437bd","local_time":"20230618165024","is_ascension_mode":true,"campfire_choices":[{"data":"Combust","floor":12,"key":"SMITH"},{"data":"Armaments","floor":15,"key":"SMITH"},{"data":"Uppercut","floor":28,"key":"SMITH"},{"data":"Disarm","floor":32,"key":"SMITH"},{"data":"Flame Barrier","floor":41,"key":"SMITH"},{"data":"Shrug It Off","floor":44,"key":"SMITH"},{"data":"Exhume","floor":49,"key":"SMITH"}],"neow_cost":"CURSE","seed_source_timestamp":26453337787400,"circlet_count":0,"master_deck":["AscendersBane","Strike_R","Strike_R","Defend_R","Defend_R","Defend_R+1","Defend_R","Bash","Battle Trance+1","Hemokinesis","Clothesline","Flame Barrier+1","Anger","Combust+1","Immolate","Uppercut+1","Inflame","Shrug It Off","Rupture+1","Disarm+1","Intimidate+1","Heavy Blade+1","Reaper","Shrug It Off+1","Sword Boomerang+1","Exhume+1"],"special_seed":0,"relics":["Burning Blood","War Paint","Potion Belt","Vajra","Omamori","Coffee Dripper","Anchor","Oddly Smooth Stone","Question Card","Bag of Preparation","Magic Flower","Self Forming Clay","Black Star","Medical Kit","Regal Pillow","Nunchaku","MealTicket","Boot","Bag of Marbles","Lantern","CeramicFish","Prayer Wheel"],"potions_floor_usage":[23,23,31,35,38,42,48,50,50,50,50,50,50,50,50,50,50,50],"damage_taken":[{"damage":3.0,"enemies":"2 Louse","floor":1.0,"turns":4.0},{"damage":10.0,"enemies":"Small Slimes","floor":3.0,"turns":4.0},{"damage":4.0,"enemies":"Jaw Worm","floor":4.0,"turns":3.0},{"damage":12.0,"enemies":"Gremlin Nob","floor":6.0,"turns":3.0},{"damage":12.0,"enemies":"Lagavulin","floor":8.0,"turns":6.0},{"damage":4.0,"enemies":"Large Slime","floor":10.0,"turns":4.0},{"damage":15,"enemies":"Gremlin Nob","floor":11,"turns":3},{"damage":5,"enemies":"Exordium Thugs","floor":13,"turns":4},{"damage":3,"enemies":"Looter","floor":14,"turns":2},{"damage":24,"enemies":"The Guardian","floor":16,"turns":11},{"damage":2,"enemies":"Chosen","floor":18,"turns":3},{"damage":6,"enemies":"2 Thieves","floor":22,"turns":3},{"damage":17,"enemies":"Slavers","floor":23,"turns":3},{"damage":4,"enemies":"Snecko","floor":25,"turns":3},{"damage":0,"enemies":"Snake Plant","floor":27,"turns":3},{"damage":7,"enemies":"Gremlin Leader","floor":29,"turns":5},{"damage":5,"enemies":"Cultist and Chosen","floor":30,"turns":4},{"damage":14,"enemies":"Book of Stabbing","floor":31,"turns":4},{"damage":17,"enemies":"Champ","floor":33,"turns":8},{"damage":9,"enemies":"3 Darklings","floor":35,"turns":5},{"damage":3,"enemies":"Orb Walker","floor":38,"turns":2},{"damage":7,"enemies":"Maw","floor":39,"turns":6},{"damage":30,"enemies":"Reptomancer","floor":40,"turns":4},{"damage":22,"enemies":"Nemesis","floor":42,"turns":7},{"damage":30,"enemies":"Spire Growth","floor":45,"turns":5},{"damage":2,"enemies":"4 Shapes","floor":47,"turns":2},{"damage":24,"enemies":"2 Orb Walkers","floor":48,"turns":4},{"damage":35,"enemies":"Donu and Deca","floor":50,"turns":6}],"seed_played":"2593003616632473948","potions_obtained":[{"floor":3.0,"key":"Weak Potion"},{"floor":6.0,"key":"Strength Potion"},{"floor":10,"key":"Energy Potion"},{"floor":14,"key":"Energy Potion"},{"floor":16,"key":"SmokeBomb"},{"floor":22,"key":"AttackPotion"},{"floor":25,"key":"EntropicBrew"},{"floor":29,"key":"Block Potion"},{"floor":30,"key":"Fruit Juice"},{"floor":33,"key":"BloodPotion"},{"floor":38,"key":"PowerPotion"},{"floor":45,"key":"Block Potion"}],"is_trial":false,"path_per_floor":["M","$","M","M","?","E","?","E","T","M","E","R","M","M","R","B",null,"M","?","$","?","M","E","$","M","T","M","R","E","M","E","R","B",null,"M","?","$","M","M","E","R","E","T","R","M","?","M","?","R","B",null],"character_chosen":"IRONCLAD","basemod:card_modifiers":[null,null,null,null,null,null,null,null,null,null,null,null,null,null,null,null,null,null,null,null,null,null,null,null,null,null],"items_purchased":["Hemokinesis","Fire Potion","Inflame","Anchor","FearPotion","HeartOfIron","Medical Kit","Regal Pillow","Nunchaku"],"campfire_rested":0,"item_purchase_floors":[2,2,20,20,24,37,37,37,37],"current_hp_per_floor":[71,71,67,69,69,63,56,50,50,52,43,43,44,47,47,29,64,68,68,68,68,68,57,57,59,59,65,65,64,68,63,63,55,70,72,72,72,80,80,64,64,75,75,75,54,54,61,66,66,80],"gold":747,"neow_bonus":"TWO_FIFTY_GOLD","is_prod":false,"is_daily":false,"chose_seed":false,"campfire_upgraded":7,"win_rate":0,"timestamp":1687132224,"path_taken":["M","$","M","M","?","E","?","E","T","M","E","R","M","M","R","BOSS","M","?","$","?","M","E","$","M","T","M","R","E","M","E","R","BOSS","M","?","$","M","M","E","R","E","T","R","M","?","?","?","R","BOSS"],"build_version":"2022-12-18","purchased_purges":3,"victory":true,"max_hp_per_floor":[75,75,75,75,75,75,75,75,75,75,75,75,75,75,75,75,75,75,75,75,75,75,75,75,75,75,75,75,75,75,75,75,75,75,75,75,75,80,80,80,80,80,80,80,80,80,80,80,80,80],"relic_stats":{"Regal Pillow":0,"counters":[28,121],"Self Forming Clay":[192],"CeramicFish":9,"Magic Flower":[43],"Omamori":2,"Bag of Preparation":[28],"War Paint":["Battle Trance","Defend_R"],"Question Card":14,"Medical Kit":[7],"Boot":[32],"Burning Blood":183,"Nunchaku":[6],"MealTicket":0,"Prayer Wheel":0,"Black Star":2,"obtain_stats":[{"Potion Belt":8,"Regal Pillow":37,"Lantern":42,"Self Forming Clay":31,"CeramicFish":43,"Vajra":9,"Oddly Smooth Stone":21,"Magic Flower":29,"Omamori":11,"Bag of Preparation":26,"War Paint":6,"Question Card":23,"Medical Kit":37,"Boot":40,"Burning Blood":0,"Anchor":20,"Nunchaku":37,"MealTicket":40,"Prayer Wheel":48,"Coffee Dripper":17,"Black Star":34,"Bag of Marbles":42},{"Potion Belt":5,"Regal Pillow":20,"Lantern":24,"Self Forming Clay":18,"CeramicFish":24,"Vajra":5,"Oddly Smooth Stone":11,"Magic Flower":16,"Omamori":7,"Bag of Preparation":14,"War Paint":4,"Question Card":13,"Medical Kit":20,"Boot":23,"Burning Blood":0,"Anchor":11,"Nunchaku":20,"MealTicket":23,"Prayer Wheel":27,"Coffee Dripper":10,"Black Star":19,"Bag of Marbles":24},{"Potion Belt":20,"Regal Pillow":85,"Lantern":104,"Self Forming Clay":72,"CeramicFish":104,"Vajra":20,"Oddly Smooth Stone":47,"Magic Flower":64,"Omamori":27,"Bag of Preparation":56,"War Paint":14,"Question Card":53,"Medical Kit":85,"Boot":97,"Burning Blood":0,"Anchor":47,"Nunchaku":85,"MealTicket":97,"Prayer Wheel":115,"Coffee Dripper":44,"Black Star":80,"Bag of Marbles":104}]},"card_choices":[{"not_picked":["Pummel","Thunderclap"],"picked":"Battle Trance","floor":1.0},{"not_picked":["Pommel Strike","Disarm"],"picked":"Clothesline","floor":3.0},{"not_picked":["Perfected Strike","Iron Wave"],"picked":"Flame Barrier","floor":4.0},{"not_picked":["Havoc","Sever Soul"],"picked":"Anger","floor":6.0},{"not_picked":["Rampage","Rage","Havoc"],"picked":"SKIP","floor":8.0},{"not_picked":["Burning Pact","Clash","Corruption"],"picked":"SKIP","floor":10},{"not_picked":["Clothesline","Rupture"],"picked":"Combust","floor":11},{"not_picked":["Hemokinesis","Wild Strike"],"picked":"Armaments","floor":13},{"not_picked":["Wild Strike","Armaments","Infernal Blade"],"picked":"SKIP","floor":14},{"not_picked":["Fiend Fire","Limit Break"],"picked":"Immolate","floor":16},{"not_picked":["Ghostly Armor","Twin Strike","True Grit"],"picked":"SKIP","floor":18},{"not_picked":["Warcry","Clothesline","Double Tap"],"picked":"SKIP","floor":22},{"not_picked":["Armaments","Thunderclap"],"picked":"Shrug It Off","floor":23},{"not_picked":["Thunderclap","Headbutt","Heavy Blade"],"picked":"Rupture+1","floor":25},{"not_picked":["Warcry","Intimidate","Infernal Blade"],"picked":"Disarm","floor":27},{"not_picked":["Warcry","Berserk","Whirlwind"],"picked":"Intimidate+1","floor":29},{"not_picked":["Intimidate","Thunderclap","Body Slam+1","Warcry"],"picked":"SKIP","floor":30},{"not_picked":["Body Slam","Headbutt","Seeing Red"],"picked":"Heavy Blade+1","floor":31},{"not_picked":["Bludgeon","Barricade","Double Tap"],"picked":"Reaper","floor":33},{"not_picked":["Sentinel","Sword Boomerang","Rampage"],"picked":"Shrug It Off","floor":35},{"not_picked":["Evolve","Sentinel","True Grit"],"picked":"Sword Boomerang+1","floor":38},{"not_picked":["Headbutt+1","Sword Boomerang","Clothesline","Sever Soul"],"picked":"SKIP","floor":39},{"not_picked":["Demon Form","Searing Blow","Wild Strike","Intimidate"],"picked":"SKIP","floor":40},{"not_picked":["Blood for Blood","Inflame","Headbutt","Clash+1"],"picked":"SKIP","floor":42},{"not_picked":["Cleave+1","Bloodletting","Seeing Red+1"],"picked":"Exhume","floor":45},{"not_picked":["Twin Strike","Dark Embrace","Sword Boomerang","Clash"],"picked":"SKIP","floor":47}],"player_experience":5667585,"relics_obtained":[{"floor":6.0,"key":"War Paint"},{"floor":8.0,"key":"Potion Belt"},{"floor":9.0,"key":"Vajra"},{"floor":11,"key":"Omamori"},{"floor":23,"key":"Question Card"},{"floor":26,"key":"Bag of Preparation"},{"floor":29,"key":"Magic Flower"},{"floor":31,"key":"Self Forming Clay"},{"floor":40,"key":"MealTicket"},{"floor":40,"key":"Boot"},{"floor":42,"key":"Bag of Marbles"},{"floor":42,"key":"Lantern"},{"floor":43,"key":"CeramicFish"},{"floor":48,"key":"Prayer Wheel"}],"event_choices":[{"cards_removed":["Strike_R"],"damage_healed":0.0,"max_hp_gain":0.0,"max_hp_loss":0.0,"gold_gain":0.0,"event_name":"The Cleric","player_choice":"Card Removal","floor":5.0,"gold_loss":75.0,"damage_taken":0.0},{"cards_removed":["Strike_R"],"damage_healed":0.0,"max_hp_gain":0.0,"max_hp_loss":0.0,"gold_gain":0.0,"event_name":"Golden Wing","player_choice":"Card Removal","floor":7.0,"gold_loss":0.0,"damage_taken":7.0},{"damage_healed":0,"gold_gain":0,"player_choice":"Read","damage_taken":0,"max_hp_gain":0,"max_hp_loss":0,"event_name":"The Library","floor":19,"gold_loss":0,"cards_obtained":["Uppercut"]},{"damage_healed":0,"gold_gain":0,"player_choice":"Opened","damage_taken":0,"relics_obtained":["Oddly Smooth Stone"],"max_hp_gain":0,"max_hp_loss":0,"event_name":"The Mausoleum","floor":21,"gold_loss":0,"cards_obtained":["Writhe"]},{"damage_healed":0,"gold_gain":999,"player_choice":"Gold","damage_taken":0,"max_hp_gain":0,"max_hp_loss":0,"event_name":"MindBloom","floor":36,"gold_loss":0,"cards_obtained":["Normality","Normality"]},{"cards_removed":["Armaments"],"damage_healed":0,"gold_gain":0,"player_choice":"Removed Skill","damage_taken":0,"max_hp_gain":0,"max_hp_loss":0,"event_name":"Falling","floor":46,"gold_loss":0},{"damage_healed":0,"gold_gain":0,"player_choice":"Fight","damage_taken":0,"max_hp_gain":0,"max_hp_loss":0,"event_name":"Mysterious Sphere","floor":48,"gold_loss":0}],"is_beta":false,"boss_relics":[{"not_picked":["SacredBark","Calling Bell"],"picked":"Coffee Dripper"},{"not_picked":["Runic Pyramid","Philosopher\u0027s Stone"],"picked":"Black Star"}],"items_purged_floors":[2,20,37],"is_endless":false,"potions_floor_spawned":[3,6,10,14,16,22,25,29,30,33,38,39,40,45],"ascension_level":15}