{"gold_per_floor":[111,125,140,140,158,158,188,188,259,259,229,248,277,288,288,365,365,375,375,395,93,113,113,138,148,148,176,176,176,192,227,227,298,298,310,323,333,333,104,129,129,163,163,191,41,60,72,86,86,86],"floor_reached":51,"playtime":1916,"items_purged":["Pain","Strike_R","Strike_R"],"score":1472,"play_id":"5621210a-8e0e-473e-b8fa-2e64d2e30a21","local_time":"20230617161006","is_ascension_mode":true,"campfire_choices":[{"data":"Uppercut","floor":6.0,"key":"SMITH"},{"data":"Spot Weakness","floor":8.0,"key":"SMITH"},{"data":"Bash","floor":10.0,"key":"SMITH"},{"data":"Flame Barrier","floor":15.0,"key":"SMITH"},{"data":"Whirlwind","floor":23.0,"key":"SMITH"},{"floor":29.0,"key":"REST"},{"data":"Limit Break","floor":32.0,"key":"SMITH"},{"data":"Pommel Strike","floor":41.0,"key":"SMITH"},{"data":"Disarm","floor":49.0,"key":"SMITH"}],"neow_cost":"NONE","seed_source_timestamp":99394361249300,"circlet_count":0,"master_deck":["AscendersBane","Strike_R","Strike_R","Defend_R","Defend_R","Defend_R","Defend_R","Bash+1","Twin Strike","Pommel Strike+1","Uppercut+1","Shrug It Off","Spot Weakness+1","Whirlwind+1","Limit Break+1","Flame Barrier+1","Fiend Fire","Carnage","Battle Trance+1","Feed","Anger","Disarm+1","True Grit+1","Inflame","Feed","Intimidate+1","Armaments+1","Disarm+1","Impervious","Shrug It Off","True Grit+1"],"special_seed":0,"relics":["Burning Blood","Bag of Marbles","Peace Pipe","Letter Opener","Happy Flower","Velvet Choker","WarpedTongs","Nunchaku","Potion Belt","Pear","Bag of Preparation","Mercury Hourglass","SacredBark","Membership Card","Ice Cream","Dream Catcher","PreservedInsect","Blue Candle"],"potions_floor_usage":[50,50,50,50],"damage_taken":[{"damage":11.0,"enemies":"Jaw Worm","floor":1.0,"turns":5.0},{"damage":4.0,"enemies":"2 Louse","floor":2.0,"turns":4.0},{"damage":1.0,"enemies":"Cultist","floor":3.0,"turns":3.0},{"damage":10.0,"enemies":"Lots of Slimes","floor":5.0,"turns":4.0},{"damage":16.0,"enemies":"3 Sentries","floor":7.0,"turns":10.0},{"damage":11.0,"enemies":"Exordium Wildlife","floor":12.0,"turns":4.0},{"damage":28.0,"enemies":"Gremlin Nob","floor":13.0,"turns":4.0},{"damage":8.0,"enemies":"Gremlin Gang","floor":14.0,"turns":2.0},{"damage":25.0,"enemies":"Hexaghost","floor":16.0,"turns":8.0},{"damage":19.0,"enemies":"Shell Parasite","floor":18.0,"turns":3.0},{"damage":12.0,"enemies":"Chosen","floor":20.0,"turns":3.0},{"damage":0.0,"enemies":"3 Cultists","floor":22.0,"turns":2.0},{"damage":15.0,"enemies":"Book of Stabbing","floor":24.0,"turns":3.0},{"damage":7.0,"enemies":"Centurion and Healer","floor":25.0,"turns":7.0},{"damage":13.0,"enemies":"Gremlin Leader","floor":27.0,"turns":7.0},{"damage":20.0,"enemies":"Snecko","floor":30.0,"turns":5.0},{"damage":0.0,"enemies":"Slavers","floor":31.0,"turns":1.0},{"damage":46.0,"enemies":"Automaton","floor":33.0,"turns":7.0},{"damage":0.0,"enemies":"Orb Walker","floor":35.0,"turns":2.0},{"damage":26.0,"enemies":"3 Darklings","floor":36.0,"turns":6.0},{"damage":4.0,"enemies":"4 Shapes","floor":37.0,"turns":7.0},{"damage":22.0,"enemies":"Nemesis","floor":40.0,"turns":5.0},{"damage":14.0,"enemies":"Reptomancer","floor":42.0,"turns":5.0},{"damage":11.0,"enemies":"Giant Head","floor":44.0,"turns":6.0},{"damage":7.0,"enemies":"Writhing Mass","floor":46.0,"turns":6.0},{"damage":8.0,"enemies":"Sphere and 2 Shapes","floor":47.0,"turns":5.0},{"damage":15.0,"enemies":"Jaw Worm Horde","floor":48.0,"turns":3.0},{"damage":9,"enemies":"Time Eater","floor":50,"turns":6}],"seed_played":"2202293423720678081","potions_obtained":[{"floor":2.0,"key":"SmokeBomb"},{"floor":5.0,"key":"ColorlessPotion"},{"floor":11.0,"key":"BloodPotion"},{"floor":11.0,"key":"LiquidBronze"},{"floor":13.0,"key":"DistilledChaos"},{"floor":20.0,"key":"Block Potion"},{"floor":30.0,"key":"DuplicationPotion"},{"floor":31.0,"key":"Block Potion"},{"floor":38.0,"key":"SmokeBomb"},{"floor":38.0,"key":"ElixirPotion"},{"floor":40.0,"key":"BlessingOfTheForge"},{"floor":44.0,"key":"BlessingOfTheForge"},{"floor":48.0,"key":"LiquidBronze"}],"is_trial":false,"path_per_floor":["M","M","M","?","M","R","E","R","T","R","?","M","E","M","R","B",null,"M","?","M","$","M","R","E","M","T","E","?","R","M","E","R","B",null,"M","M","M","?","$","E","R","E","T","E","$","M","M","M","R","B",null],"character_chosen":"IRONCLAD","basemod:card_modifiers":[null,null,null,null,null,null,null,null,null,null,null,null,null,null,null,null,null,null,null,null,null,null,null,null,null,null,null,null,null,null,null],"items_purchased":["Feed","Nunchaku","Membership Card","Strength Potion","Impervious","BloodPotion","Shrug It Off"],"campfire_rested":1,"item_purchase_floors":[21,21,39,39,45,45,45],"current_hp_per_floor":[63,65,70,70,66,66,56,56,56,56,56,51,44,42,42,23,62,49,49,43,43,52,52,47,50,60,57,30,60,55,61,61,21,87,96,79,88,88,88,75,75,71,71,66,66,69,75,132,132,129],"gold":86,"neow_bonus":"RANDOM_COMMON_RELIC","is_prod":false,"is_daily":false,"chose_seed":false,"campfire_upgraded":8,"win_rate":0,"timestamp":1687043406,"path_taken":["M","M","M","?","M","R","E","R","T","R","?","M","E","M","R","BOSS","M","?","M","$","M","R","E","?","T","E","?","R","M","E","R","BOSS","M","?","?","?","$","E","R","E","T","E","$","M","M","?","R","BOSS"],"build_version":"2022-12-18","purchased_purges":3,"victory":true,"max_hp_per_floor":[75,75,75,75,75,75,75,75,75,75,75,75,75,75,75,75,75,75,75,75,75,78,78,82,86,96,100,100,100,109,109,109,109,109,112,115,122,122,122,125,125,129,129,129,129,133,141,148,148,148],"relic_stats":{"Ice Cream":[31],"Happy Flower":[33],"counters":[28,132],"Blue Candle":[0],"PreservedInsect":130,"Bag of Preparation":[26],"Letter Opener":[105],"Burning Blood":168,"WarpedTongs":[83],"Mercury Hourglass":[218],"Peace Pipe":0,"Nunchaku":[14],"Dream Catcher":0,"Membership Card":223,"obtain_stats":[{"Potion Belt":24,"Ice Cream":40,"Pear":26,"Happy Flower":13,"SacredBark":34,"Blue Candle":44,"Velvet Choker":17,"PreservedInsect":43,"Bag of Preparation":27,"Letter Opener":9,"Burning Blood":0,"WarpedTongs":19,"Mercury Hourglass":31,"Peace Pipe":7,"Nunchaku":21,"Dream Catcher":42,"Bag of Marbles":0,"Membership Card":39},{"Potion Belt":13,"Ice Cream":22,"Pear":14,"Happy Flower":7,"SacredBark":18,"Blue Candle":24,"Velvet Choker":9,"PreservedInsect":23,"Bag of Preparation":15,"Letter Opener":5,"Burning Blood":0,"WarpedTongs":10,"Mercury Hourglass":17,"Peace Pipe":5,"Nunchaku":11,"Dream Catcher":23,"Bag of Marbles":0,"Membership Card":21},{"Potion Belt":55,"Ice Cream":101,"Pear":62,"Happy Flower":34,"SacredBark":82,"Blue Candle":112,"Velvet Choker":44,"PreservedInsect":106,"Bag of Preparation":69,"Letter Opener":26,"Burning Blood":0,"WarpedTongs":47,"Mercury Hourglass":75,"Peace Pipe":26,"Nunchaku":50,"Dream Catcher":106,"Bag of Marbles":0,"Membership Card":96}]},"card_choices":[{"not_picked":["Shrug It Off","Heavy Blade"],"picked":"Twin Strike","floor":1.0},{"not_picked":["Iron Wave","Second Wind"],"picked":"Pommel Strike","floor":2.0},{"not_picked":["Iron Wave","Perfected Strike"],"picked":"Uppercut","floor":3.0},{"not_picked":["Havoc","Entrench"],"picked":"Shrug It Off","floor":5.0},{"not_picked":["Evolve","Perfected Strike"],"picked":"Spot Weakness","floor":7.0},{"not_picked":["Barricade","Pommel Strike"],"picked":"Whirlwind","floor":12.0},{"not_picked":["Perfected Strike","True Grit"],"picked":"Limit Break","floor":13.0},{"not_picked":["Havoc","Rupture"],"picked":"Flame Barrier","floor":14.0},{"not_picked":["Brutality","Corruption"],"picked":"Fiend Fire","floor":16.0},{"not_picked":["Searing Blow","Twin Strike"],"picked":"Carnage","floor":18.0},{"not_picked":["Infernal Blade","Sword Boomerang"],"picked":"Battle Trance+1","floor":20.0},{"not_picked":["Clash","Wild Strike"],"picked":"Anger","floor":22.0},{"not_picked":["True Grit","Pummel"],"picked":"Disarm+1","floor":24.0},{"not_picked":["Heavy Blade","Wild Strike"],"picked":"True Grit+1","floor":25.0},{"not_picked":["Limit Break","Anger","Intimidate"],"picked":"SKIP","floor":27.0},{"not_picked":["Rage","Shockwave"],"picked":"Inflame","floor":30.0},{"not_picked":["Dark Embrace","Heavy Blade","Havoc"],"picked":"SKIP","floor":31.0},{"not_picked":["Exhume","Demon Form"],"picked":"Feed","floor":33.0},{"not_picked":["Twin Strike","Body Slam+1","Burning Pact"],"picked":"SKIP","floor":35.0},{"not_picked":["Iron Wave","Whirlwind"],"picked":"Intimidate+1","floor":36.0},{"not_picked":["Body Slam","Anger","Cleave"],"picked":"SKIP","floor":37.0},{"not_picked":["Clothesline","Perfected Strike"],"picked":"Armaments+1","floor":40.0},{"not_picked":["Heavy Blade","Searing Blow","Fire Breathing+1"],"picked":"SKIP","floor":42.0},{"not_picked":["Clash+1","Reckless Charge"],"picked":"Disarm","floor":44.0},{"not_picked":["Sentinel","Brutality"],"picked":"True Grit+1","floor":46.0},{"not_picked":["Perfected Strike","Clothesline+1","Body Slam+1"],"picked":"SKIP","floor":47.0},{"not_picked":["Infernal Blade+1","Second Wind","Cleave"],"picked":"SKIP","floor":48.0}],"player_experience":5659032,"relics_obtained":[{"floor":7.0,"key":"Peace Pipe"},{"floor":9.0,"key":"Letter Opener"},{"floor":13.0,"key":"Happy Flower"},{"floor":24.0,"key":"Potion Belt"},{"floor":26.0,"key":"Pear"},{"floor":27.0,"key":"Bag of Preparation"},{"floor":31.0,"key":"Mercury Hourglass"},{"floor":40.0,"key":"Ice Cream"},{"floor":42.0,"key":"Dream Catcher"},{"floor":43.0,"key":"PreservedInsect"},{"floor":44.0,"key":"Blue Candle"}],"event_choices":[{"cards_removed":["Strike_R"],"damage_healed":0.0,"max_hp_gain":0.0,"max_hp_loss":0.0,"gold_gain":0.0,"event_name":"Living Wall","player_choice":"Forget","floor":4.0,"gold_loss":0.0,"damage_taken":0.0},{"damage_healed":0.0,"max_hp_gain":0.0,"max_hp_loss":0.0,"gold_gain":0.0,"event_name":"The Woman in Blue","player_choice":"Bought 2 Potions","floor":11.0,"gold_loss":0.0,"damage_taken":0.0},{"damage_healed":0.0,"max_hp_gain":0.0,"max_hp_loss":0.0,"gold_gain":0.0,"event_name":"Accursed Blacksmith","player_choice":"Rummage","floor":19.0,"gold_loss":0.0,"damage_taken":0.0,"relics_obtained":["WarpedTongs"],"cards_obtained":["Pain"]},{"damage_healed":0.0,"max_hp_gain":0.0,"max_hp_loss":0.0,"gold_gain":0.0,"event_name":"Knowing Skull","player_choice":"POTION POTION POTION ","floor":28.0,"potions_obtained":["Strength Potion","SpeedPotion","Fruit Juice"],"gold_loss":0.0,"damage_taken":27.0,"cards_obtained":[]},{"damage_healed":0.0,"max_hp_gain":0.0,"max_hp_loss":0.0,"gold_gain":0.0,"event_name":"Lab","player_choice":"Got Potions","floor":38.0,"gold_loss":0.0,"damage_taken":0.0}],"is_beta":false,"boss_relics":[{"not_picked":["Pandora\u0027s Box","Sozu"],"picked":"Velvet Choker"},{"not_picked":["Mark of Pain","Philosopher\u0027s Stone"],"picked":"SacredBark"}],"items_purged_floors":[21,39,45],"is_endless":false,"potions_floor_spawned":[2,5,13,14,20,22,30,31,40,44,48],"ascension_level":15}