{"gold_per_floor":[212,232,232,108,126,158,12,12,80,114,126,144,144,179,179,251,251,264,276,226,246,260,294,294,624,624,624,642,75,90,90,90,163,163,177,195,90,110,128,155,155,170,170,170,199,1,26,77,77,77],"floor_reached":51,"playtime":1935,"items_purged":["Pain","Strike_R","Strike_R","Strike_R"],"score":1482,"play_id":"723e387e-fce4-4c68-8be9-bef8deebd1a1","local_time":"20230617200701","is_ascension_mode":true,"campfire_choices":[{"data":"Bash","floor":8.0,"key":"SMITH"},{"data":"Armaments","floor":13.0,"key":"SMITH"},{"data":"Pommel Strike","floor":15,"key":"SMITH"},{"floor":24,"key":"REST"},{"floor":32,"key":"REST"},{"floor":41,"key":"RECALL"},{"floor":44,"key":"REST"},{"floor":49,"key":"REST"}],"neow_cost":"NONE","seed_source_timestamp":0,"circlet_count":0,"master_deck":["AscendersBane","Strike_R+1","Strike_R+1","Defend_R","Defend_R","Defend_R","Defend_R+1","Bash+1","Twin Strike","Sword Boomerang","Cleave","Impervious","Flame Barrier","Anger","Armaments+1","Pommel Strike+1","Feed","Shrug It Off+1","Demon Form","Limit Break","Inflame+1","Shockwave","Shrug It Off+1"],"special_seed":0,"relics":["Burning Blood","WarpedTongs","Dream Catcher","Membership Card","Paper Frog","Darkstone Periapt","Whetstone","Fusion Hammer","Meat on the Bone","Old Coin","Bottled Flame","The Courier","Gambling Chip","Pen Nib","Anchor","Bag of Preparation","PreservedInsect","War Paint","Centennial Puzzle","Velvet Choker","Shuriken","Mercury Hourglass","Potion Belt","Red Skull","TheAbacus","Boot","StoneCalendar"],"potions_floor_usage":[23,25,39,50,50,50],"damage_taken":[{"damage":3.0,"enemies":"2 Louse","floor":1.0,"turns":2.0},{"damage":1.0,"enemies":"Cultist","floor":2.0,"turns":3.0},{"damage":8.0,"enemies":"Small Slimes","floor":5.0,"turns":4.0},{"damage":24.0,"enemies":"3 Sentries","floor":6.0,"turns":6.0},{"damage":8.0,"enemies":"Gremlin Nob","floor":10.0,"turns":3.0},{"damage":20.0,"enemies":"Gremlin Gang","floor":11.0,"turns":4.0},{"damage":2.0,"enemies":"Exordium Wildlife","floor":12.0,"turns":5.0},{"damage":18.0,"enemies":"Lagavulin","floor":14.0,"turns":7.0},{"damage":24,"enemies":"Hexaghost","floor":16,"turns":9},{"damage":7,"enemies":"3 Byrds","floor":18,"turns":4},{"damage":0,"enemies":"Chosen","floor":19,"turns":4},{"damage":19,"enemies":"Snake Plant","floor":21,"turns":3},{"damage":9,"enemies":"Centurion and Healer","floor":22,"turns":5},{"damage":14,"enemies":"Slavers","floor":23,"turns":4},{"damage":22,"enemies":"Book of Stabbing","floor":25,"turns":5},{"damage":24,"enemies":"Shelled Parasite and Fungi","floor":28,"turns":10},{"damage":11,"enemies":"Snake Plant","floor":30,"turns":6},{"damage":90,"enemies":"Collector","floor":33,"turns":9},{"damage":8,"enemies":"3 Shapes","floor":35,"turns":5},{"damage":2,"enemies":"Orb Walker","floor":36,"turns":3},{"damage":0,"enemies":"4 Shapes","floor":38,"turns":7},{"damage":2,"enemies":"Jaw Worm Horde","floor":39,"turns":4},{"damage":17,"enemies":"Reptomancer","floor":40,"turns":4},{"damage":14,"enemies":"Maw","floor":42,"turns":5},{"damage":22,"enemies":"Giant Head","floor":45,"turns":6},{"damage":4,"enemies":"Reptomancer","floor":47,"turns":4},{"damage":19,"enemies":"2 Orb Walkers","floor":48,"turns":4},{"damage":31,"enemies":"Donu and Deca","floor":50,"turns":7}],"seed_played":"2773245793502525766","potions_obtained":[{"floor":2.0,"key":"DuplicationPotion"},{"floor":11.0,"key":"FearPotion"},{"floor":18,"key":"BlessingOfTheForge"},{"floor":22,"key":"SkillPotion"},{"floor":25,"key":"EssenceOfSteel"},{"floor":31,"key":"DuplicationPotion"},{"floor":39,"key":"PowerPotion"},{"floor":45,"key":"SmokeBomb"},{"floor":48,"key":"ColorlessPotion"}],"is_trial":false,"path_per_floor":["M","M","?","$","M","E","$","R","T","E","M","M","R","E","R","B",null,"M","M","$","M","M","E","R","E","T","T","M","$","M","?","R","B",null,"M","M","$","M","M","E","R","M","T","R","E","$","E","?","R","B",null],"character_chosen":"IRONCLAD","basemod:card_modifiers":[null,null,null,null,null,null,null,null,null,null,null,null,null,null,null,null,null,null,null,null,null,null,null],"items_purchased":["Strength Potion","Membership Card","Gambling Chip","Pen Nib","Strength Potion","Anchor","Bag of Preparation","PreservedInsect","War Paint","Centennial Puzzle","Shockwave","FairyPotion","AttackPotion","Dexterity Potion","Red Skull","TheAbacus"],"campfire_rested":4,"item_purchase_floors":[4,7,29,29,29,29,29,29,29,29,37,46,46,46,46,46],"current_hp_per_floor":[71,75,75,75,73,55,55,55,55,53,39,43,43,31,31,13,60,63,73,73,63,63,58,85,72,72,72,57,57,68,68,98,30,87,89,93,93,103,110,103,103,99,99,125,112,112,117,108,135,110],"gold":77,"neow_bonus":"HUNDRED_GOLD","is_prod":false,"is_daily":false,"chose_seed":false,"campfire_upgraded":3,"win_rate":0,"timestamp":1687057621,"path_taken":["M","M","?","$","M","E","$","R","T","E","M","M","R","E","R","BOSS","M","?","?","M","M","E","R","E","T","?","M","$","M","?","R","BOSS","M","M","$","M","?","E","R","?","T","R","E","$","E","?","R","BOSS"],"build_version":"2022-12-18","purchased_purges":4,"victory":true,"max_hp_per_floor":[75,75,75,75,75,75,75,75,75,75,75,75,75,75,75,75,75,79,83,83,86,89,92,92,95,95,95,98,98,102,102,102,106,106,110,110,110,114,117,121,121,125,125,125,128,128,131,135,135,135],"relic_stats":{"Darkstone Periapt":0,"counters":[28,142],"StoneCalendar":[16],"The Courier":1279,"Pen Nib":[11],"PreservedInsect":253,"Bag of Preparation":[24],"Whetstone":["Strike_R","Strike_R"],"War Paint":["Shrug It Off","Defend_R"],"Boot":[0],"Burning Blood":167,"WarpedTongs":[129],"Mercury Hourglass":[73],"Dream Catcher":4,"Bottled Flame":"Pommel Strike","Centennial Puzzle":[30],"TheAbacus":[24],"Shuriken":[7],"Gambling Chip":[43],"Membership Card":1279,"obtain_stats":[{"Darkstone Periapt":10,"StoneCalendar":48,"Bag of Preparation":29,"Whetstone":14,"Boot":47,"Burning Blood":0,"Old Coin":25,"Dream Catcher":6,"Centennial Puzzle":29,"TheAbacus":46,"Gambling Chip":29,"Fusion Hammer":17,"Red Skull":46,"Paper Frog":9,"Potion Belt":45,"Velvet Choker":34,"The Courier":27,"Pen Nib":29,"PreservedInsect":29,"War Paint":29,"WarpedTongs":3,"Mercury Hourglass":43,"Bottled Flame":26,"Anchor":29,"Shuriken":40,"Membership Card":7,"Meat on the Bone":23},{"Darkstone Periapt":5,"StoneCalendar":27,"Bag of Preparation":16,"Whetstone":8,"Boot":26,"Burning Blood":0,"Old Coin":15,"Dream Catcher":4,"Centennial Puzzle":16,"TheAbacus":25,"Gambling Chip":16,"Fusion Hammer":9,"Red Skull":25,"Paper Frog":4,"Potion Belt":25,"Velvet Choker":18,"The Courier":15,"Pen Nib":16,"PreservedInsect":16,"War Paint":16,"WarpedTongs":2,"Mercury Hourglass":24,"Bottled Flame":15,"Anchor":16,"Shuriken":23,"Membership Card":4,"Meat on the Bone":14},{"Darkstone Periapt":18,"StoneCalendar":135,"Bag of Preparation":78,"Whetstone":34,"Boot":131,"Burning Blood":0,"Old Coin":68,"Dream Catcher":15,"Centennial Puzzle":78,"TheAbacus":127,"Gambling Chip":78,"Fusion Hammer":43,"Red Skull":127,"Paper Frog":15,"Potion Belt":127,"Velvet Choker":93,"The Courier":68,"Pen Nib":78,"PreservedInsect":78,"War Paint":78,"WarpedTongs":5,"Mercury Hourglass":121,"Bottled Flame":68,"Anchor":78,"Shuriken":116,"Membership Card":15,"Meat on the Bone":63}],"Meat on the Bone":24},"card_choices":[{"not_picked":["Sword Boomerang","Body Slam"],"picked":"Twin Strike","floor":1.0},{"not_picked":["Seeing Red","Warcry"],"picked":"Sword Boomerang","floor":2.0},{"not_picked":["Perfected Strike","Clash"],"picked":"Cleave","floor":5.0},{"not_picked":["True Grit","Intimidate"],"picked":"Impervious","floor":6.0},{"not_picked":["Fire Breathing","Sword Boomerang"],"picked":"Flame Barrier","floor":10.0},{"not_picked":["Flex","True Grit"],"picked":"Anger","floor":11.0},{"not_picked":["Clash","Entrench"],"picked":"Armaments","floor":12.0},{"not_picked":["Barricade","Headbutt"],"picked":"Pommel Strike","floor":14.0},{"not_picked":["Demon Form","Fiend Fire"],"picked":"Feed","floor":16},{"not_picked":["Rampage","Heavy Blade"],"picked":"Shrug It Off","floor":18},{"not_picked":["Rupture","Cleave","Perfected Strike"],"picked":"SKIP","floor":19},{"not_picked":["Flex","Pommel Strike","Sever Soul"],"picked":"SKIP","floor":21},{"not_picked":["Flex","Clash","Entrench"],"picked":"SKIP","floor":22},{"not_picked":["Flex","Clash","Entrench"],"picked":"SKIP","floor":22},{"not_picked":["Shockwave","Headbutt"],"picked":"Demon Form","floor":23},{"not_picked":["Metallicize","Clash","Pommel Strike"],"picked":"SKIP","floor":25},{"not_picked":["Heavy Blade","Iron Wave","Searing Blow+1"],"picked":"SKIP","floor":28},{"not_picked":["Searing Blow","Infernal Blade","Twin Strike"],"picked":"SKIP","floor":30},{"not_picked":["Juggernaut","Fiend Fire"],"picked":"Limit Break","floor":33},{"not_picked":["Headbutt","Dual Wield","Iron Wave"],"picked":"SKIP","floor":35},{"not_picked":["Clothesline","Twin Strike"],"picked":"Inflame+1","floor":36},{"not_picked":["Cleave","Perfected Strike","Pommel Strike"],"picked":"SKIP","floor":38},{"not_picked":["Entrench","Iron Wave","Immolate"],"picked":"SKIP","floor":39},{"not_picked":["Clash","Warcry","Headbutt"],"picked":"SKIP","floor":40},{"not_picked":["Headbutt","Carnage"],"picked":"Shrug It Off+1","floor":42},{"not_picked":["Seeing Red","Iron Wave","Dark Embrace"],"picked":"SKIP","floor":45},{"not_picked":["Body Slam","Wild Strike+1","Clothesline"],"picked":"SKIP","floor":47}],"player_experience":5660948,"relics_obtained":[{"floor":6.0,"key":"Dream Catcher"},{"floor":9.0,"key":"Paper Frog"},{"floor":10.0,"key":"Darkstone Periapt"},{"floor":14.0,"key":"Whetstone"},{"floor":23,"key":"Meat on the Bone"},{"floor":25,"key":"Old Coin"},{"floor":26,"key":"Bottled Flame"},{"floor":27,"key":"The Courier"},{"floor":40,"key":"Shuriken"},{"floor":43,"key":"Mercury Hourglass"},{"floor":45,"key":"Potion Belt"},{"floor":47,"key":"Boot"},{"floor":48,"key":"StoneCalendar"}],"event_choices":[{"damage_healed":0.0,"max_hp_gain":0.0,"max_hp_loss":0.0,"gold_gain":0.0,"event_name":"Accursed Blacksmith","player_choice":"Rummage","floor":3.0,"gold_loss":0.0,"damage_taken":0.0,"relics_obtained":["WarpedTongs"],"cards_obtained":["Pain"]},{"damage_healed":0,"gold_gain":0,"player_choice":"Got Potions","damage_taken":0,"max_hp_gain":0,"max_hp_loss":0,"event_name":"Lab","floor":31,"gold_loss":0},{"damage_healed":0,"gold_gain":0,"player_choice":"Fight","damage_taken":0,"max_hp_gain":0,"max_hp_loss":0,"event_name":"Mysterious Sphere","floor":48,"gold_loss":0}],"is_beta":false,"boss_relics":[{"not_picked":["SacredBark","Empty Cage"],"picked":"Fusion Hammer"},{"not_picked":["Pandora\u0027s Box","Snecko Eye"],"picked":"Velvet Choker"}],"items_purged_floors":[4,20,29,37],"is_endless":false,"potions_floor_spawned":[2,5,11,18,22,25,33,39,40,45,48],"ascension_level":15}