{"gold_per_floor":[11,21,40,52,52,86,86,114,191,204,204,222,243,276,276,350,350,362,16,26,42,42,42,56,83,106,106,137,152,184,199,199,271,271,286,300,300,300,310,310,344,356,356,356,0,0,20,57,57,57],"floor_reached":51,"playtime":1991,"items_purged":["Strike_R","Cleave"],"score":1618,"play_id":"1044f538-61a6-4c1c-89b1-6cbcee09aaa5","local_time":"20230630122708","is_ascension_mode":true,"campfire_choices":[{"floor":7.0,"key":"REST"},{"data":"Combust","floor":11.0,"key":"SMITH"},{"data":"Rupture","floor":15.0,"key":"SMITH"},{"data":"Apotheosis","floor":23.0,"key":"SMITH"},{"data":"Feel No Pain","floor":32.0,"key":"SMITH"},{"floor":40.0,"key":"RECALL"},{"floor":44.0,"key":"REST"},{"floor":49.0,"key":"REST"}],"neow_cost":"NO_GOLD","seed_source_timestamp":133458535712200,"circlet_count":0,"master_deck":["AscendersBane","Strike_R+1","Defend_R","Defend_R","Defend_R","Defend_R","Bash","True Grit+1","Combust+1","Twin Strike","Rupture+1","Heavy Blade","Disarm","Uppercut","Flame Barrier","Impervious","Offering+1","CurseOfTheBell","Shrug It Off","Feel No Pain+1","Apotheosis+1","Second Wind","Corruption","Double Tap","Pommel Strike","Shockwave","Blood for Blood","Limit Break","Barricade+1","Dual Wield+1","Dark Embrace+1"],"special_seed":0,"relics":["Burning Blood","Mummified Hand","Turnip","Ornamental Fan","Odd Mushroom","Pen Nib","Calling Bell","Red Skull","The Courier","Lizard Tail","Anchor","Bronze Scales","Centennial Puzzle","War Paint","Lantern","Fusion Hammer","Omamori","Ancient Tea Set","Regal Pillow","Bag of Marbles","CeramicFish"],"potions_floor_usage":[50],"damage_taken":[{"damage":1.0,"enemies":"Cultist","floor":1.0,"turns":3.0},{"damage":8.0,"enemies":"2 Louse","floor":2.0,"turns":2.0},{"damage":0.0,"enemies":"Small Slimes","floor":3.0,"turns":4.0},{"damage":14.0,"enemies":"Blue Slaver","floor":4.0,"turns":5.0},{"damage":35.0,"enemies":"Gremlin Nob","floor":6.0,"turns":4.0},{"damage":12.0,"enemies":"3 Sentries","floor":8.0,"turns":5.0},{"damage":7.0,"enemies":"Gremlin Gang","floor":10.0,"turns":4.0},{"damage":3.0,"enemies":"Looter","floor":12.0,"turns":2.0},{"damage":16.0,"enemies":"The Mushroom Lair","floor":13.0,"turns":3.0},{"damage":24.0,"enemies":"Gremlin Nob","floor":14.0,"turns":4.0},{"damage":28.0,"enemies":"Hexaghost","floor":16.0,"turns":9.0},{"damage":20.0,"enemies":"Spheric Guardian","floor":18.0,"turns":4.0},{"damage":20.0,"enemies":"Chosen","floor":20.0,"turns":5.0},{"damage":7.0,"enemies":"Shelled Parasite and Fungi","floor":21.0,"turns":4.0},{"damage":6.0,"enemies":"Snake Plant","floor":24.0,"turns":2.0},{"damage":6.0,"enemies":"Gremlin Leader","floor":25.0,"turns":5.0},{"damage":6.0,"enemies":"Slavers","floor":28.0,"turns":5.0},{"damage":6.0,"enemies":"Chosen and Byrds","floor":29.0,"turns":4.0},{"damage":12.0,"enemies":"Gremlin Leader","floor":30.0,"turns":5.0},{"damage":1.0,"enemies":"Centurion and Healer","floor":31.0,"turns":5.0},{"damage":10.0,"enemies":"Champ","floor":33.0,"turns":8.0},{"damage":0.0,"enemies":"Orb Walker","floor":35.0,"turns":3.0},{"damage":4.0,"enemies":"3 Shapes","floor":36.0,"turns":5.0},{"damage":6.0,"enemies":"Sphere and 2 Shapes","floor":39.0,"turns":8.0},{"damage":43.0,"enemies":"Reptomancer","floor":41.0,"turns":5.0},{"damage":8.0,"enemies":"Spire Growth","floor":42.0,"turns":4.0},{"damage":39.0,"enemies":"Jaw Worm Horde","floor":47.0,"turns":3.0},{"damage":10.0,"enemies":"Giant Head","floor":48.0,"turns":5.0},{"damage":19,"enemies":"Donu and Deca","floor":50,"turns":6}],"seed_played":"-1108179433592182313","potions_obtained":[{"floor":2.0,"key":"Regen Potion"},{"floor":4.0,"key":"Dexterity Potion"},{"floor":6.0,"key":"Explosive Potion"},{"floor":12.0,"key":"SteroidPotion"},{"floor":16.0,"key":"Weak Potion"},{"floor":21.0,"key":"AttackPotion"},{"floor":24.0,"key":"HeartOfIron"},{"floor":29.0,"key":"Energy Potion"},{"floor":33.0,"key":"SneckoOil"},{"floor":35.0,"key":"SpeedPotion"},{"floor":47.0,"key":"Strength Potion"}],"is_trial":false,"path_per_floor":["M","M","M","M","?","E","R","E","T","M","R","M","?","E","R","B",null,"M","$","M","M","?","R","M","E","T","$","E","M","E","M","R","B",null,"M","M","?","?","M","R","E","M","T","R","$","?","M","E","R","B",null],"character_chosen":"IRONCLAD","basemod:card_modifiers":[null,null,null,null,null,null,null,null,null,null,null,null,null,null,null,null,null,null,null,null,null,null,null,null,null,null,null,null,null,null,null],"items_purchased":["Feel No Pain","Anchor","Apotheosis","Regal Pillow","Bag of Marbles","SkillPotion"],"campfire_rested":3,"item_purchase_floors":[19,19,19,45,45,45],"current_hp_per_floor":[87,85,89,81,54,37,63,57,57,56,56,59,49,31,31,9,69,55,55,41,40,40,40,40,40,40,40,40,40,34,39,39,35,76,82,84,84,84,84,84,47,45,45,71,71,71,38,34,75,62],"gold":57,"neow_bonus":"TWENTY_PERCENT_HP_BONUS","is_prod":false,"is_daily":false,"chose_seed":false,"campfire_upgraded":4,"win_rate":0,"timestamp":1688153228,"path_taken":["M","?","M","M","?","E","R","E","T","M","R","M","?","E","R","BOSS","M","$","M","M","?","R","M","E","T","$","E","M","E","M","R","BOSS","M","M","?","?","?","R","E","M","T","R","$","?","M","E","R","BOSS"],"build_version":"2022-12-18","purchased_purges":2,"victory":true,"max_hp_per_floor":[89,89,89,89,89,89,89,89,89,89,89,89,89,89,89,89,89,89,89,89,89,89,89,89,89,89,89,89,89,89,89,89,89,89,89,89,89,89,89,89,89,89,89,89,89,89,89,89,89,89],"relic_stats":{"Regal Pillow":15,"counters":[29,131],"CeramicFish":9,"Pen Nib":[15],"The Courier":177,"Omamori":0,"War Paint":["True Grit","Offering"],"Ancient Tea Set":[4],"Burning Blood":172,"Lizard Tail":0,"Centennial Puzzle":[36],"Mummified Hand":[88],"Ornamental Fan":[72],"Bronze Scales":[171],"Turnip":[9],"obtain_stats":[{"Lantern":30,"Regal Pillow":45,"CeramicFish":48,"Pen Nib":14,"The Courier":17,"Omamori":41,"Odd Mushroom":13,"War Paint":28,"Ancient Tea Set":43,"Burning Blood":0,"Calling Bell":17,"Lizard Tail":17,"Anchor":19,"Centennial Puzzle":26,"Mummified Hand":6,"Ornamental Fan":9,"Bronze Scales":25,"Turnip":8,"Fusion Hammer":34,"Bag of Marbles":45,"Red Skull":17},{"Lantern":19,"Regal Pillow":26,"CeramicFish":28,"Pen Nib":10,"The Courier":11,"Omamori":25,"Odd Mushroom":9,"War Paint":17,"Ancient Tea Set":26,"Burning Blood":0,"Calling Bell":11,"Lizard Tail":11,"Anchor":12,"Centennial Puzzle":16,"Mummified Hand":5,"Ornamental Fan":6,"Bronze Scales":16,"Turnip":6,"Fusion Hammer":21,"Bag of Marbles":26,"Red Skull":11},{"Lantern":79,"Regal Pillow":117,"CeramicFish":125,"Pen Nib":36,"The Courier":45,"Omamori":113,"Odd Mushroom":32,"War Paint":70,"Ancient Tea Set":117,"Burning Blood":0,"Calling Bell":45,"Lizard Tail":45,"Anchor":49,"Centennial Puzzle":65,"Mummified Hand":18,"Ornamental Fan":23,"Bronze Scales":65,"Turnip":23,"Fusion Hammer":92,"Bag of Marbles":117,"Red Skull":45}]},"card_choices":[{"not_picked":["Iron Wave","Armaments"],"picked":"Cleave","floor":1.0},{"not_picked":["Intimidate","Rage"],"picked":"True Grit","floor":2.0},{"not_picked":["Perfected Strike","Seeing Red"],"picked":"Combust","floor":3.0},{"not_picked":["Metallicize","Heavy Blade"],"picked":"Twin Strike","floor":4.0},{"not_picked":["Seeing Red","Dark Embrace"],"picked":"Rupture","floor":6.0},{"not_picked":["Sentinel","Pummel"],"picked":"Heavy Blade","floor":8.0},{"not_picked":["Dual Wield","Rampage"],"picked":"Disarm","floor":10.0},{"not_picked":["Pommel Strike","Dark Embrace"],"picked":"Uppercut","floor":12.0},{"not_picked":["Clothesline","Havoc"],"picked":"Flame Barrier","floor":13.0},{"not_picked":["Rupture","Body Slam"],"picked":"Impervious","floor":14.0},{"not_picked":["Demon Form","Bludgeon"],"picked":"Offering","floor":16.0},{"not_picked":["Pommel Strike","Perfected Strike"],"picked":"Shrug It Off","floor":18.0},{"not_picked":["Body Slam","Bloodletting","Sword Boomerang"],"picked":"SKIP","floor":20.0},{"not_picked":["Twin Strike","Brutality"],"picked":"Second Wind","floor":21.0},{"not_picked":["Warcry","Rampage"],"picked":"Pommel Strike","floor":24.0},{"not_picked":["Cleave+1","Infernal Blade"],"picked":"Shockwave","floor":25.0},{"not_picked":["Evolve+1","Heavy Blade","Flex"],"picked":"SKIP","floor":28.0},{"not_picked":["Evolve+1","Heavy Blade","Flex"],"picked":"SKIP","floor":28.0},{"not_picked":["Uppercut","Shrug It Off"],"picked":"Blood for Blood","floor":29.0},{"not_picked":["Heavy Blade+1","Perfected Strike"],"picked":"Limit Break","floor":30.0},{"not_picked":["Feel No Pain","Twin Strike","Havoc"],"picked":"SKIP","floor":31.0},{"not_picked":["Corruption","Demon Form"],"picked":"Barricade","floor":33.0},{"not_picked":["Perfected Strike","Sever Soul","Entrench"],"picked":"SKIP","floor":35.0},{"not_picked":["Thunderclap","Carnage","Metallicize"],"picked":"SKIP","floor":36.0},{"not_picked":["Headbutt","Heavy Blade","Wild Strike+1"],"picked":"SKIP","floor":39.0},{"not_picked":["Combust","Flex+1","Clothesline"],"picked":"SKIP","floor":41.0},{"not_picked":["Disarm","Armaments"],"picked":"Dual Wield+1","floor":42.0},{"not_picked":["Perfected Strike","Entrench","Demon Form"],"picked":"SKIP","floor":47.0},{"not_picked":["Carnage","Body Slam"],"picked":"Dark Embrace+1","floor":48.0}],"player_experience":5713002,"relics_obtained":[{"floor":6.0,"key":"Mummified Hand"},{"floor":8.0,"key":"Turnip"},{"floor":9.0,"key":"Ornamental Fan"},{"floor":13.0,"key":"Odd Mushroom"},{"floor":14.0,"key":"Pen Nib"},{"floor":17.0,"key":"Red Skull"},{"floor":17.0,"key":"The Courier"},{"floor":17.0,"key":"Lizard Tail"},{"floor":25.0,"key":"Bronze Scales"},{"floor":26.0,"key":"Centennial Puzzle"},{"floor":28.0,"key":"War Paint"},{"floor":30.0,"key":"Lantern"},{"floor":41.0,"key":"Omamori"},{"floor":43.0,"key":"Ancient Tea Set"},{"floor":48.0,"key":"CeramicFish"}],"event_choices":[{"damage_healed":0.0,"max_hp_gain":0.0,"max_hp_loss":0.0,"gold_gain":0.0,"event_name":"Shining Light","player_choice":"Entered Light","floor":5.0,"gold_loss":0.0,"damage_taken":27.0,"cards_upgraded":["Strike_R","Strike_R"]},{"damage_healed":0.0,"max_hp_gain":0.0,"max_hp_loss":0.0,"gold_gain":0.0,"event_name":"Mushrooms","player_choice":"Fought Mushrooms","floor":13.0,"gold_loss":0.0,"damage_taken":0.0},{"damage_healed":0.0,"max_hp_gain":0.0,"max_hp_loss":0.0,"gold_gain":0.0,"cards_transformed":["Strike_R","Strike_R"],"event_name":"Drug Dealer","player_choice":"Became Test Subject","floor":22.0,"gold_loss":0.0,"damage_taken":0.0,"cards_obtained":["Corruption","Double Tap"]},{"damage_healed":0.0,"max_hp_gain":0.0,"max_hp_loss":0.0,"gold_gain":0.0,"event_name":"Tomb of Lord Red Mask","player_choice":"Ignored","floor":37.0,"gold_loss":0.0,"damage_taken":0.0},{"damage_healed":0.0,"max_hp_gain":0.0,"max_hp_loss":0.0,"gold_gain":0.0,"event_name":"Accursed Blacksmith","player_choice":"Forge","floor":38.0,"gold_loss":0.0,"damage_taken":0.0,"cards_upgraded":["Barricade"]},{"cards_removed":["Strike_R"],"damage_healed":0.0,"max_hp_gain":0.0,"max_hp_loss":0.0,"gold_gain":0.0,"event_name":"Falling","player_choice":"Removed Attack","floor":46.0,"gold_loss":0.0,"damage_taken":0.0}],"is_beta":false,"boss_relics":[{"not_picked":["Black Star","Pandora\u0027s Box"],"picked":"Calling Bell"},{"not_picked":["Coffee Dripper","SlaversCollar"],"picked":"Fusion Hammer"}],"items_purged_floors":[19,45],"is_endless":false,"potions_floor_spawned":[2,4,6,12,16,21,24,25,29,33,35,36,39,47],"ascension_level":15}