{"gold_per_floor":[116,129,129,129,148,176,176,203,203,203,222,236,248,282,282,358,358,375,375,387,406,144,173,63,76,126,26,26,57,57,84,84,163,163,179,100,116,135,85,85,118,118,144,155,155,1,34,48,48,48],"floor_reached":51,"playtime":1976,"items_purged":["Strike_B","Parasite","Strike_B","Strike_B"],"score":1380,"play_id":"9a97c14d-c1e4-40d0-83ce-0b7d16168dd0","local_time":"20210108130614","is_ascension_mode":true,"campfire_choices":[{"data":"Zap","floor":7.0,"key":"SMITH"},{"floor":10.0,"key":"REST"},{"data":"Sweeping Beam","floor":15.0,"key":"SMITH"},{"floor":28.0,"key":"REST"},{"data":"Seek","floor":30.0,"key":"SMITH"},{"floor":32.0,"key":"REST"},{"floor":40,"key":"REST"},{"floor":42,"key":"REST"},{"floor":49,"key":"REST"}],"neow_cost":"TEN_PERCENT_HP_LOSS","seed_source_timestamp":758161236019100,"circlet_count":0,"master_deck":["AscendersBane","Defend_B","Defend_B","Defend_B","Defend_B","Zap+1","Dualcast","Chill","Streamline","Echo Form","Sweeping Beam+1","Ball Lightning","Ball Lightning","Ball Lightning","Conserve Battery","Rainbow+1","Undo","Coolheaded","Leap","Undo","Seek+1","Skim","Biased Cognition","Chill","Loop","Barrage+1","Glacier","Loop","Writhe","Cold Snap","Hologram+1"],"special_seed":0,"relics":["Cracked Core","Incense Burner","StrikeDummy","Ornamental Fan","Bottled Lightning","Lantern","Cursed Key","Mercury Hourglass","Omamori","Akabeko","Bag of Preparation","The Courier","Smiling Mask","Sozu","Bag of Marbles","Strawberry","Runic Capacitor","Mummified Hand"],"potions_floor_usage":[],"damage_taken":[{"damage":0.0,"enemies":"2 Louse","floor":1.0,"turns":3.0},{"damage":2.0,"enemies":"Jaw Worm","floor":2.0,"turns":4.0},{"damage":0.0,"enemies":"Cultist","floor":5.0,"turns":3.0},{"damage":19.0,"enemies":"Lagavulin","floor":6.0,"turns":8.0},{"damage":24.0,"enemies":"Gremlin Nob","floor":8.0,"turns":4.0},{"damage":0.0,"enemies":"3 Louse","floor":11.0,"turns":3.0},{"damage":6.0,"enemies":"Lots of Slimes","floor":12.0,"turns":3.0},{"damage":1.0,"enemies":"Blue Slaver","floor":13.0,"turns":3.0},{"damage":6.0,"enemies":"3 Sentries","floor":14.0,"turns":7.0},{"damage":14.0,"enemies":"Slime Boss","floor":16.0,"turns":6.0},{"damage":14.0,"enemies":"3 Byrds","floor":18.0,"turns":5.0},{"damage":0.0,"enemies":"Chosen","floor":20.0,"turns":3.0},{"damage":13.0,"enemies":"Snake Plant","floor":21.0,"turns":3.0},{"damage":7.0,"enemies":"Gremlin Leader","floor":23.0,"turns":8.0},{"damage":0.0,"enemies":"Chosen and Byrds","floor":25.0,"turns":4.0},{"damage":8.0,"enemies":"Slavers","floor":29.0,"turns":4.0},{"damage":8.0,"enemies":"Gremlin Leader","floor":31.0,"turns":6.0},{"damage":26.0,"enemies":"Collector","floor":33.0,"turns":8.0},{"damage":11,"enemies":"3 Darklings","floor":35,"turns":4},{"damage":0,"enemies":"3 Shapes","floor":37,"turns":3},{"damage":7,"enemies":"Transient","floor":38,"turns":5},{"damage":58,"enemies":"Giant Head","floor":41,"turns":10},{"damage":5,"enemies":"Sphere and 2 Shapes","floor":44,"turns":4},{"damage":0,"enemies":"Reptomancer","floor":47,"turns":6},{"damage":8,"enemies":"4 Shapes","floor":48,"turns":7},{"damage":50,"enemies":"Donu and Deca","floor":50,"turns":10}],"seed_played":"3925841037457140422","potions_obtained":[{"floor":2.0,"key":"PowerPotion"},{"floor":11.0,"key":"SkillPotion"},{"floor":14.0,"key":"BlessingOfTheForge"},{"floor":16.0,"key":"SpeedPotion"},{"floor":21.0,"key":"FairyPotion"},{"floor":29.0,"key":"FearPotion"},{"floor":31.0,"key":"EssenceOfSteel"}],"is_trial":false,"path_per_floor":["M","M","?","?","M","E","R","E","T","R","M","M","M","E","R","B",null,"M","T","M","M","$","E","?","M","T","$","R","E","R","E","R","B",null,"M","$","M","M","$","R","E","R","T","M","?","$","E","M","R","B",null],"character_chosen":"DEFECT","items_purchased":["Undo","Omamori","Chill","Runic Capacitor","Cold Snap"],"campfire_rested":6,"item_purchase_floors":[22,22,36,46,46],"current_hp_per_floor":[64,62,62,62,62,43,43,19,19,38,38,32,31,25,25,11,51,37,37,37,24,24,17,17,17,17,17,35,27,27,19,37,11,49,38,38,38,31,31,49,18,36,43,38,52,52,52,44,64,14],"gold":48,"neow_bonus":"ONE_RARE_RELIC","is_prod":false,"is_daily":false,"chose_seed":false,"campfire_upgraded":3,"win_rate":0,"timestamp":1610139974,"path_taken":["M","M","?","?","M","E","R","E","T","R","M","M","M","E","R","BOSS","M","?","M","M","$","E","?","M","T","$","R","E","R","E","R","BOSS","M","$","M","M","?","R","E","R","T","M","?","$","E","M","R","BOSS"],"build_version":"2020-12-22","purchased_purges":4,"victory":true,"max_hp_per_floor":[64,64,64,64,64,64,64,64,64,64,64,64,64,64,64,64,64,64,64,64,64,64,64,64,64,64,61,61,61,61,61,61,61,61,61,61,61,61,61,61,61,61,68,68,68,68,68,68,68,68],"card_choices":[{"not_picked":["Gash","Go for the Eyes"],"picked":"Chill","floor":1.0},{"not_picked":["Coolheaded","Cold Snap"],"picked":"Streamline","floor":2.0},{"not_picked":["Glacier","Redo"],"picked":"Echo Form","floor":5.0},{"not_picked":["Barrage","Skim"],"picked":"Sweeping Beam","floor":6.0},{"not_picked":["Go for the Eyes","Rebound","Streamline"],"picked":"SKIP","floor":8.0},{"not_picked":["Leap","Fusion"],"picked":"Ball Lightning","floor":11.0},{"not_picked":["Redo","Rebound"],"picked":"Ball Lightning","floor":12.0},{"not_picked":["FTL","Sweeping Beam"],"picked":"Ball Lightning","floor":13.0},{"not_picked":["Beam Cell","Compile Driver"],"picked":"Conserve Battery","floor":14.0},{"not_picked":["Hyperbeam","Fission"],"picked":"Rainbow","floor":16.0},{"not_picked":["Loop","Steam Power"],"picked":"Undo","floor":18.0},{"not_picked":["Ball Lightning","Sweeping Beam"],"picked":"Coolheaded","floor":20.0},{"not_picked":["Hologram+1","Force Field"],"picked":"Leap","floor":21.0},{"not_picked":["Compile Driver","Leap","Rebound"],"picked":"SKIP","floor":23.0},{"not_picked":["Reprogram","Gash","Redo"],"picked":"SKIP","floor":25.0},{"not_picked":["Double Energy","Hologram"],"picked":"Seek","floor":29.0},{"not_picked":["Hologram","Darkness"],"picked":"Skim","floor":31.0},{"not_picked":["Core Surge","Amplify"],"picked":"Biased Cognition","floor":33.0},{"not_picked":["Go for the Eyes","Cold Snap","Turbo"],"picked":"SKIP","floor":35},{"not_picked":["Double Energy","Steam"],"picked":"Loop","floor":37},{"not_picked":["Steam","Go for the Eyes"],"picked":"Barrage+1","floor":38},{"not_picked":["Cold Snap","Go for the Eyes"],"picked":"Glacier","floor":41},{"not_picked":["Rebound","Darkness"],"picked":"Loop","floor":44},{"not_picked":["Streamline","Sunder","Skim"],"picked":"SKIP","floor":47},{"not_picked":["Beam Cell","Ball Lightning+1"],"picked":"Hologram+1","floor":48}],"player_experience":4676903,"relics_obtained":[{"floor":6.0,"key":"StrikeDummy"},{"floor":8.0,"key":"Ornamental Fan"},{"floor":9.0,"key":"Bottled Lightning"},{"floor":14.0,"key":"Lantern"},{"floor":19.0,"key":"Mercury Hourglass"},{"floor":23.0,"key":"Akabeko"},{"floor":26.0,"key":"Bag of Preparation"},{"floor":29.0,"key":"The Courier"},{"floor":31.0,"key":"Smiling Mask"},{"floor":41,"key":"Bag of Marbles"},{"floor":43,"key":"Strawberry"},{"floor":47,"key":"Mummified Hand"}],"event_choices":[{"damage_healed":0.0,"max_hp_gain":0.0,"max_hp_loss":0.0,"gold_gain":0.0,"event_name":"Liars Game","player_choice":"Ignored","floor":3.0,"gold_loss":0.0,"damage_taken":0.0},{"damage_healed":0.0,"max_hp_gain":0.0,"max_hp_loss":0.0,"gold_gain":0.0,"event_name":"Transmorgrifier","player_choice":"Ignored","floor":4.0,"gold_loss":0.0,"damage_taken":0.0},{"cards_removed":["Strike_B"],"damage_healed":0.0,"max_hp_gain":0.0,"max_hp_loss":0.0,"gold_gain":0.0,"event_name":"Designer","player_choice":"Upgrade and Remove","floor":24.0,"gold_loss":110.0,"damage_taken":0.0,"cards_upgraded":["Rainbow"]},{"damage_healed":14,"gold_gain":0,"player_choice":"Writhe","damage_taken":0,"max_hp_gain":0,"max_hp_loss":0,"event_name":"Winding Halls","floor":45,"gold_loss":0,"cards_obtained":["Writhe"]}],"is_beta":false,"boss_relics":[{"not_picked":["Black Star","Empty Cage"],"picked":"Cursed Key"},{"not_picked":["Runic Dome","Velvet Choker"],"picked":"Sozu"}],"items_purged_floors":[22,27,36,39],"is_endless":false,"potions_floor_spawned":[2,11,12,14,16,20,21,29,31,35,41,47,48],"ascension_level":15}