{"gold_per_floor":[113,213,223,237,237,270,270,282,307,307,340,320,354,61,61,139,139,159,172,191,218,234,234,261,278,301,54,54,71,87,37,37,108,108,122,74,91,108,120,155,172,172,245,66,96,96,96,128,128,128],"floor_reached":51,"playtime":2473,"items_purged":["Scrape","Strike_B"],"score":1466,"play_id":"a6da323b-0756-4ae7-a624-2c0016683e8c","local_time":"20210128210150","is_ascension_mode":true,"campfire_choices":[{"data":"Zap","floor":7.0,"key":"SMITH"},{"data":"Streamline","floor":10.0,"key":"SMITH"},{"data":"Loop","floor":15.0,"key":"SMITH"},{"data":"Reinforced Body","floor":23.0,"key":"SMITH"},{"floor":32.0,"key":"REST"},{"floor":42.0,"key":"REST"},{"data":"Consume","floor":49,"key":"SMITH"}],"neow_cost":"NONE","seed_source_timestamp":0,"circlet_count":0,"master_deck":["AscendersBane","Strike_B","Strike_B","Defend_B","Defend_B","Defend_B","Defend_B","Zap+1","Dualcast","Streamline+1","Reinforced Body+1","Compile Driver","Barrage","Conserve Battery","Undo","Loop+1","Core Surge","Cold Snap","Capacitor+1","Skim+1","Coolheaded","Echo Form","Go for the Eyes+1","Electrodynamics","Force Field","Consume+1","Defragment"],"special_seed":0,"relics":["Cracked Core","Bag of Marbles","Bag of Preparation","Centennial Puzzle","Omamori","Chemical X","Philosopher\u0027s Stone","Red Mask","Emotion Chip","Regal Pillow","Mummified Hand","FaceOfCleric","SlaversCollar","StoneCalendar","Kunai","Vajra","Pen Nib"],"potions_floor_usage":[50],"damage_taken":[{"damage":1.0,"enemies":"Cultist","floor":1.0,"turns":4.0},{"damage":0.0,"enemies":"Small Slimes","floor":3.0,"turns":2.0},{"damage":0.0,"enemies":"Jaw Worm","floor":4.0,"turns":3.0},{"damage":16.0,"enemies":"Gremlin Nob","floor":6.0,"turns":3.0},{"damage":5.0,"enemies":"Gremlin Gang","floor":8.0,"turns":3.0},{"damage":13.0,"enemies":"3 Sentries","floor":11.0,"turns":7.0},{"damage":8.0,"enemies":"Lagavulin","floor":13.0,"turns":5.0},{"damage":27.0,"enemies":"Hexaghost","floor":16.0,"turns":10.0},{"damage":1.0,"enemies":"Spheric Guardian","floor":18.0,"turns":4.0},{"damage":0.0,"enemies":"Shell Parasite","floor":19.0,"turns":5.0},{"damage":4.0,"enemies":"Shelled Parasite and Fungi","floor":20.0,"turns":5.0},{"damage":3.0,"enemies":"Masked Bandits","floor":21.0,"turns":4.0},{"damage":11.0,"enemies":"Snake Plant","floor":22.0,"turns":4.0},{"damage":3.0,"enemies":"Slavers","floor":24.0,"turns":5.0},{"damage":0.0,"enemies":"Snecko","floor":25.0,"turns":6.0},{"damage":7.0,"enemies":"3 Cultists","floor":29.0,"turns":4.0},{"damage":3.0,"enemies":"Cultist and Chosen","floor":30.0,"turns":6.0},{"damage":32.0,"enemies":"Automaton","floor":33.0,"turns":12.0},{"damage":0.0,"enemies":"3 Shapes","floor":35.0,"turns":2.0},{"damage":3.0,"enemies":"Orb Walker","floor":37.0,"turns":3.0},{"damage":5.0,"enemies":"Spire Growth","floor":38.0,"turns":7.0},{"damage":0.0,"enemies":"3 Darklings","floor":39.0,"turns":5.0},{"damage":9.0,"enemies":"Reptomancer","floor":40.0,"turns":6.0},{"damage":3.0,"enemies":"Sphere and 2 Shapes","floor":41.0,"turns":4.0},{"damage":0,"enemies":"Giant Head","floor":45,"turns":8},{"damage":26,"enemies":"Reptomancer","floor":48,"turns":6},{"damage":15,"enemies":"Awakened One","floor":50,"turns":15}],"seed_played":"4926169368341446425","potions_obtained":[{"floor":0.0,"key":"Dexterity Potion"},{"floor":0.0,"key":"FearPotion"},{"floor":1.0,"key":"Regen Potion"},{"floor":6.0,"key":"DuplicationPotion"},{"floor":11.0,"key":"Fire Potion"},{"floor":12.0,"key":"Fruit Juice"},{"floor":13.0,"key":"SkillPotion"},{"floor":18.0,"key":"LiquidMemories"},{"floor":22.0,"key":"Block Potion"},{"floor":25.0,"key":"GamblersBrew"},{"floor":29.0,"key":"Energy Potion"},{"floor":33.0,"key":"Ancient Potion"},{"floor":35.0,"key":"BlessingOfTheForge"},{"floor":39.0,"key":"FearPotion"}],"is_trial":false,"path_per_floor":["M","?","M","M","?","E","R","M","T","R","E","?","E","$","R","B",null,"M","M","M","?","M","R","E","M","T","$","?","M","M","?","R","B",null,"M","$","M","M","M","E","M","R","T","$","E","$","?","E","R","B",null],"character_chosen":"DEFECT","items_purchased":["Chemical X","Loop","Mummified Hand","FocusPotion","Consume"],"campfire_rested":2,"item_purchase_floors":[14,14,27,36,44],"current_hp_per_floor":[63,63,63,63,63,47,47,42,42,42,44,44,41,41,41,14,61,60,60,56,53,42,42,39,39,39,39,39,33,31,31,69,38,69,70,70,68,64,65,57,55,85,85,85,86,86,86,61,61,47],"gold":128,"neow_bonus":"THREE_SMALL_POTIONS","is_prod":false,"is_daily":false,"chose_seed":false,"campfire_upgraded":5,"win_rate":0,"timestamp":1611896510,"path_taken":["M","?","?","M","?","E","R","?","T","R","E","?","E","$","R","BOSS","M","M","?","?","M","R","E","M","T","$","?","?","M","?","R","BOSS","M","?","M","?","M","E","M","R","T","$","E","$","?","E","R","BOSS"],"build_version":"2020-12-22","purchased_purges":2,"victory":true,"max_hp_per_floor":[71,71,71,71,71,71,71,71,71,71,71,71,76,76,76,76,76,76,76,76,76,76,76,76,76,76,76,76,77,78,78,78,79,79,80,80,81,82,83,84,85,85,85,85,86,86,86,87,87,88],"card_choices":[{"not_picked":["Beam Cell","Go for the Eyes"],"picked":"Streamline","floor":1.0},{"not_picked":["Consume","Steam Power"],"picked":"Reinforced Body","floor":3.0},{"not_picked":["Gash","Hello World"],"picked":"Compile Driver","floor":4.0},{"not_picked":["Thunder Strike","Go for the Eyes"],"picked":"Barrage","floor":6.0},{"not_picked":["Go for the Eyes","Streamline"],"picked":"Conserve Battery","floor":8.0},{"not_picked":["Compile Driver","Stack","Gash"],"picked":"SKIP","floor":11.0},{"not_picked":["Recycle","Hello World"],"picked":"Undo","floor":13.0},{"not_picked":["All For One","Multi-Cast"],"picked":"Core Surge","floor":16.0},{"not_picked":["Loop","Compile Driver"],"picked":"Cold Snap","floor":18.0},{"not_picked":["Storm","Aggregate"],"picked":"Capacitor","floor":19.0},{"not_picked":["Scrape","Leap","White Noise"],"picked":"SKIP","floor":20.0},{"not_picked":["Streamline","Melter"],"picked":"Skim+1","floor":22.0},{"not_picked":["Loop","Leap"],"picked":"Coolheaded","floor":24.0},{"not_picked":["Streamline","Stack"],"picked":"Echo Form","floor":25.0},{"not_picked":["Compile Driver+1","Steam"],"picked":"Go for the Eyes+1","floor":29.0},{"not_picked":["Ball Lightning","Leap","Stack"],"picked":"SKIP","floor":30.0},{"not_picked":["Core Surge","Reboot"],"picked":"Electrodynamics","floor":33.0},{"not_picked":["Stack","Auto Shields+1"],"picked":"Force Field","floor":35.0},{"not_picked":["Skim","Sweeping Beam","Steam+1"],"picked":"SKIP","floor":37.0},{"not_picked":["Fusion","Steam Power","Cold Snap"],"picked":"SKIP","floor":38.0},{"not_picked":["Chaos","Lockon+1","Streamline+1"],"picked":"SKIP","floor":39.0},{"not_picked":["Skim","Turbo+1","Sweeping Beam"],"picked":"SKIP","floor":40.0},{"not_picked":["Streamline","Stack","Barrage"],"picked":"SKIP","floor":41.0},{"not_picked":["Compile Driver","Leap","Stack"],"picked":"SKIP","floor":45},{"not_picked":["Self Repair+1","Conserve Battery","All For One"],"picked":"SKIP","floor":48}],"player_experience":4715582,"relics_obtained":[{"floor":6.0,"key":"Bag of Marbles"},{"floor":9.0,"key":"Bag of Preparation"},{"floor":11.0,"key":"Centennial Puzzle"},{"floor":13.0,"key":"Omamori"},{"floor":21.0,"key":"Red Mask"},{"floor":24.0,"key":"Emotion Chip"},{"floor":26.0,"key":"Regal Pillow"},{"floor":40.0,"key":"StoneCalendar"},{"floor":43.0,"key":"Kunai"},{"floor":45,"key":"Vajra"},{"floor":48,"key":"Pen Nib"}],"event_choices":[{"damage_healed":0.0,"max_hp_gain":0.0,"max_hp_loss":0.0,"gold_gain":100.0,"event_name":"Wheel of Change","player_choice":"Gold","floor":2.0,"gold_loss":0.0,"damage_taken":0.0},{"damage_healed":0.0,"max_hp_gain":0.0,"max_hp_loss":0.0,"gold_gain":0.0,"cards_transformed":["Strike_B"],"event_name":"Transmorgrifier","player_choice":"Transformed","floor":5.0,"gold_loss":0.0,"damage_taken":0.0,"cards_obtained":["Scrape"]},{"damage_healed":0.0,"max_hp_gain":0.0,"max_hp_loss":0.0,"gold_gain":0.0,"event_name":"The Woman in Blue","player_choice":"Bought 1 Potion","floor":12.0,"gold_loss":0.0,"damage_taken":0.0},{"damage_healed":0.0,"max_hp_gain":0.0,"max_hp_loss":0.0,"gold_gain":0.0,"event_name":"Masked Bandits","player_choice":"Fought Bandits","floor":21.0,"gold_loss":0.0,"damage_taken":0.0},{"damage_healed":0.0,"max_hp_gain":0.0,"max_hp_loss":0.0,"gold_gain":0.0,"event_name":"FaceTrader","player_choice":"Trade","floor":28.0,"gold_loss":0.0,"damage_taken":0.0,"relics_obtained":["FaceOfCleric"]},{"damage_healed":0.0,"max_hp_gain":0.0,"max_hp_loss":0.0,"gold_gain":0.0,"event_name":"Designer","player_choice":"Upgrade","floor":31.0,"gold_loss":50.0,"damage_taken":0.0,"cards_upgraded":["Capacitor"]},{"damage_healed":0,"gold_gain":0,"player_choice":"1 cards matched","damage_taken":0,"max_hp_gain":0,"max_hp_loss":0,"event_name":"Match and Keep!","floor":47,"gold_loss":0,"cards_obtained":["Defragment"]}],"is_beta":false,"boss_relics":[{"not_picked":["Pandora\u0027s Box","FrozenCore"],"picked":"Philosopher\u0027s Stone"},{"not_picked":["Coffee Dripper","Busted Crown"],"picked":"SlaversCollar"}],"items_purged_floors":[14,44],"is_endless":false,"potions_floor_spawned":[1,6,11,13,18,22,25,29,33,35,38,39,45],"ascension_level":15}