{"gold_per_floor":[119,131,151,169,184,184,219,231,231,254,254,354,380,391,391,467,467,484,499,53,71,98,98,108,108,108,137,150,150,167,167,167,246,246,260,260,271,291,591,591,602,636,660,693,693,23,23,38,38,38],"floor_reached":51,"playtime":2670,"items_purged":["Strike_B","Defend_B"],"score":1459,"play_id":"5fec7960-f551-4a68-aed3-a9c14d933867","local_time":"20210211115217","is_ascension_mode":true,"campfire_choices":[{"data":"Zap","floor":6.0,"key":"SMITH"},{"floor":11.0,"key":"REST"},{"data":"Barrage","floor":15.0,"key":"SMITH"},{"floor":23.0,"key":"REST"},{"floor":25.0,"key":"REST"},{"floor":29.0,"key":"REST"},{"floor":32,"key":"REST"},{"data":"Electrodynamics","floor":40,"key":"SMITH"},{"data":"Seek","floor":45,"key":"SMITH"},{"data":"Rainbow","floor":47,"key":"SMITH"},{"data":"Loop","floor":49,"key":"SMITH"}],"neow_cost":"NONE","seed_source_timestamp":11276352861100,"circlet_count":0,"master_deck":["AscendersBane","Defend_B","Defend_B+1","Defend_B+1","Zap+1","Dualcast","Barrage+1","Ball Lightning","Auto Shields","Loop+1","Glacier","Hologram","Electrodynamics+1","Seek+1","Sweeping Beam+1","Amplify+1","Steam+1","Compile Driver","Cold Snap","Coolheaded+1","Genetic Algorithm+1","Leap","Self Repair","Creative AI","Glacier+1","White Noise+1","Loop+1","Defragment+1","Heatsinks+1","Coolheaded+1","Rainbow+1","PanicButton","Chill"],"special_seed":0,"relics":["Cracked Core","Bottled Flame","The Courier","Odd Mushroom","Akabeko","Astrolabe","OrangePellets","CaptainsWheel","Vajra","Mummified Hand","Dream Catcher","Nilry\u0027s Codex","Philosopher\u0027s Stone","Du-Vu Doll","Juzu Bracelet","Frozen Egg 2","Gremlin Horn","War Paint","Orrery"],"potions_floor_usage":[30,33,42,50,50],"damage_taken":[{"damage":0.0,"enemies":"Cultist","floor":1.0,"turns":3.0},{"damage":1.0,"enemies":"2 Louse","floor":2.0,"turns":3.0},{"damage":0.0,"enemies":"Small Slimes","floor":3.0,"turns":3.0},{"damage":1.0,"enemies":"2 Fungi Beasts","floor":4.0,"turns":4.0},{"damage":24.0,"enemies":"Lots of Slimes","floor":5.0,"turns":4.0},{"damage":9.0,"enemies":"3 Sentries","floor":7.0,"turns":7.0},{"damage":2.0,"enemies":"Exordium Wildlife","floor":8.0,"turns":3.0},{"damage":2.0,"enemies":"The Mushroom Lair","floor":10.0,"turns":5.0},{"damage":7.0,"enemies":"Lagavulin","floor":13.0,"turns":8.0},{"damage":9.0,"enemies":"Red Slaver","floor":14.0,"turns":3.0},{"damage":2.0,"enemies":"The Guardian","floor":16.0,"turns":12.0},{"damage":24.0,"enemies":"Chosen","floor":18.0,"turns":5.0},{"damage":1.0,"enemies":"3 Byrds","floor":19.0,"turns":2.0},{"damage":7.0,"enemies":"Cultist and Chosen","floor":21.0,"turns":6.0},{"damage":14.0,"enemies":"Snake Plant","floor":24.0,"turns":4.0},{"damage":22.0,"enemies":"Gremlin Leader","floor":27.0,"turns":5.0},{"damage":0.0,"enemies":"Sentry and Sphere","floor":28.0,"turns":4.0},{"damage":0,"enemies":"Shelled Parasite and Fungi","floor":30,"turns":1},{"damage":19,"enemies":"Champ","floor":33,"turns":16},{"damage":15,"enemies":"3 Darklings","floor":35,"turns":3},{"damage":1,"enemies":"Orb Walker","floor":37,"turns":3},{"damage":8,"enemies":"Maw","floor":38,"turns":8},{"damage":9,"enemies":"4 Shapes","floor":41,"turns":4},{"damage":13,"enemies":"Giant Head","floor":42,"turns":10},{"damage":9,"enemies":"Nemesis","floor":44,"turns":11},{"damage":6,"enemies":"3 Darklings","floor":48,"turns":2},{"damage":0,"enemies":"Donu and Deca","floor":50,"turns":5}],"seed_played":"4877521230996176642","potions_obtained":[{"floor":0.0,"key":"EntropicBrew"},{"floor":0.0,"key":"SkillPotion"},{"floor":3.0,"key":"FearPotion"},{"floor":7.0,"key":"Block Potion"},{"floor":13.0,"key":"Swift Potion"},{"floor":18.0,"key":"Weak Potion"},{"floor":24.0,"key":"SpeedPotion"},{"floor":37,"key":"EssenceOfSteel"},{"floor":38,"key":"DuplicationPotion"},{"floor":44,"key":"DistilledChaos"}],"is_trial":false,"path_per_floor":["M","M","M","M","M","R","E","M","T","?","R","?","E","M","R","B",null,"M","M","$","M","T","R","M","R","T","E","M","R","M","?","R","B",null,"M","?","M","M","?","R","M","E","T","E","R","$","R","M","R","B",null],"character_chosen":"DEFECT","items_purchased":["OrangePellets","CaptainsWheel","FearPotion","Defragment+1","Heatsinks+1","Gremlin Horn","War Paint","Orrery","PanicButton"],"campfire_rested":5,"item_purchase_floors":[20,20,20,46,46,46,46,46,46],"current_hp_per_floor":[64,63,63,62,38,38,29,27,27,25,46,46,39,30,30,28,60,36,35,35,28,28,49,35,56,56,34,34,55,55,34,55,43,64,56,56,55,54,54,54,52,46,46,51,51,51,51,52,52,66],"gold":38,"neow_bonus":"THREE_SMALL_POTIONS","is_prod":false,"is_daily":false,"chose_seed":false,"campfire_upgraded":6,"win_rate":0,"timestamp":1613073137,"path_taken":["M","M","?","M","M","R","E","M","T","?","R","?","E","?","R","BOSS","M","M","$","?","?","R","M","R","T","E","M","R","M","?","R","BOSS","M","?","M","M","?","R","M","E","T","E","R","$","R","M","R","BOSS"],"build_version":"2020-12-22","purchased_purges":2,"victory":true,"max_hp_per_floor":[71,71,71,71,71,71,71,71,71,71,71,71,71,71,71,71,71,71,71,71,71,71,71,71,71,71,71,71,71,71,71,71,71,71,71,67,67,67,67,67,67,67,67,67,67,67,67,67,67,67],"card_choices":[{"not_picked":["Redo","Coolheaded"],"picked":"Barrage","floor":1.0},{"not_picked":["Steam","Beam Cell"],"picked":"Ball Lightning","floor":2.0},{"not_picked":["Recycle","Gash"],"picked":"Auto Shields","floor":3.0},{"not_picked":["Barrage","Rebound"],"picked":"Loop","floor":4.0},{"not_picked":["Redo","Lockon"],"picked":"Glacier","floor":5.0},{"not_picked":["Tempest","Force Field","Gash"],"picked":"SKIP","floor":7.0},{"not_picked":["Auto Shields","Stack"],"picked":"Hologram","floor":8.0},{"not_picked":["Leap","Redo"],"picked":"Electrodynamics","floor":10.0},{"not_picked":["Coolheaded","Blizzard","Consume"],"picked":"SKIP","floor":13.0},{"not_picked":["Fusion","Hologram","Stack"],"picked":"SKIP","floor":14.0},{"not_picked":["Reboot","Electrodynamics"],"picked":"Seek","floor":16.0},{"not_picked":["Steam","Coolheaded"],"picked":"Compile Driver","floor":18.0},{"not_picked":["Gash","Barrage"],"picked":"Cold Snap","floor":19.0},{"not_picked":["Stack","Redo"],"picked":"Coolheaded+1","floor":21.0},{"not_picked":["Ball Lightning","Sunder","White Noise"],"picked":"SKIP","floor":24.0},{"not_picked":["Thunder Strike","Ball Lightning","Turbo"],"picked":"SKIP","floor":27.0},{"not_picked":["Hologram","Melter"],"picked":"Genetic Algorithm+1","floor":28.0},{"not_picked":["Rebound","Streamline+1"],"picked":"Leap","floor":30},{"not_picked":["Scrape","BootSequence"],"picked":"Self Repair","floor":32},{"not_picked":["Electrodynamics","Multi-Cast"],"picked":"Creative AI","floor":33},{"not_picked":["Leap+1","Stack"],"picked":"Glacier+1","floor":35},{"not_picked":["Auto Shields","Coolheaded","Reprogram"],"picked":"SKIP","floor":37},{"not_picked":["Darkness+1","Recycle","Double Energy"],"picked":"SKIP","floor":38},{"not_picked":["Steam Power+1","Stack"],"picked":"White Noise+1","floor":41},{"not_picked":["Cold Snap","Genetic Algorithm","Recycle"],"picked":"SKIP","floor":42},{"not_picked":["Streamline","Auto Shields"],"picked":"Loop+1","floor":44},{"not_picked":["Skim","Genetic Algorithm"],"picked":"Coolheaded+1","floor":46},{"not_picked":["Barrage","Gash"],"picked":"Rainbow","floor":46},{"not_picked":["Cold Snap+1","Reprogram"],"picked":"Chill","floor":48}],"player_experience":4751032,"relics_obtained":[{"floor":7.0,"key":"Bottled Flame"},{"floor":9.0,"key":"The Courier"},{"floor":10.0,"key":"Odd Mushroom"},{"floor":13.0,"key":"Akabeko"},{"floor":22.0,"key":"Vajra"},{"floor":26.0,"key":"Mummified Hand"},{"floor":27.0,"key":"Dream Catcher"},{"floor":31,"key":"Nilry\u0027s Codex"},{"floor":42,"key":"Du-Vu Doll"},{"floor":43,"key":"Juzu Bracelet"},{"floor":44,"key":"Frozen Egg 2"}],"event_choices":[{"damage_healed":0.0,"max_hp_gain":0.0,"max_hp_loss":0.0,"gold_gain":0.0,"event_name":"Mushrooms","player_choice":"Fought Mushrooms","floor":10.0,"gold_loss":0.0,"damage_taken":0.0},{"damage_healed":0.0,"max_hp_gain":0.0,"max_hp_loss":0.0,"gold_gain":100.0,"event_name":"Wheel of Change","player_choice":"Gold","floor":12.0,"gold_loss":0.0,"damage_taken":0.0},{"damage_healed":0,"gold_gain":0,"player_choice":"Obtained Book","damage_taken":21,"max_hp_gain":0,"max_hp_loss":0,"event_name":"Cursed Tome","floor":31,"gold_loss":0},{"damage_healed":0,"gold_gain":0,"player_choice":"Max HP","damage_taken":0,"max_hp_gain":0,"max_hp_loss":4,"event_name":"Winding Halls","floor":36,"gold_loss":0},{"damage_healed":0,"gold_gain":300,"player_choice":"Gold","damage_taken":0,"max_hp_gain":0,"max_hp_loss":0,"event_name":"Wheel of Change","floor":39,"gold_loss":0}],"is_beta":false,"boss_relics":[{"not_picked":["Ectoplasm","Tiny House"],"picked":"Astrolabe"},{"not_picked":["Calling Bell","FrozenCore"],"picked":"Philosopher\u0027s Stone"}],"items_purged_floors":[20,46],"is_endless":false,"potions_floor_spawned":[3,5,7,13,18,24,37,38,41,44],"ascension_level":15}