{"gold_per_floor":[118,118,128,146,146,146,171,171,171,200,200,221,248,97,97,190,190,215,215,231,131,152,192,210,210,210,17,60,60,81,81,81,158,158,171,182,229,240,41,74,74,100,127,159,159,187,187,206,206,206],"floor_reached":51,"playtime":1874,"items_purged":["Strike_B","Strike_B","Strike_B"],"score":1519,"play_id":"6dd9c68e-b456-4e35-9730-45ee1fc2b437","local_time":"20210225113041","is_ascension_mode":true,"campfire_choices":[{"data":"Zap","floor":6.0,"key":"SMITH"},{"data":"Sweeping Beam","floor":8.0,"key":"SMITH"},{"floor":15.0,"key":"REST"},{"floor":25.0,"key":"REST"},{"data":"Dualcast","floor":29.0,"key":"SMITH"},{"data":"Conserve Battery","floor":32.0,"key":"SMITH"},{"data":"Coolheaded","floor":41,"key":"SMITH"},{"data":"Undo","floor":45,"key":"SMITH"},{"data":"Rainbow","floor":47,"key":"SMITH"},{"data":"Glacier","floor":49,"key":"SMITH"}],"neow_cost":"NONE","seed_source_timestamp":0,"circlet_count":0,"master_deck":["AscendersBane","Defend_B","Defend_B","Defend_B","Defend_B","Zap+1","Dualcast+1","Sweeping Beam+1","Cold Snap","Streamline","Auto Shields","Ball Lightning","Loop+1","Biased Cognition+1","Coolheaded+1","Electrodynamics+1","Glacier","Conserve Battery+1","Barrage+1","Creative AI+1","Storm+1","Glacier+1","Undo+1","Self Repair+1","Rainbow+1","Heatsinks+1","Defragment+1"],"special_seed":0,"relics":["Cracked Core","NeowsBlessing","Cables","Frozen Egg 2","Eternal Feather","Regal Pillow","Bloody Idol","Oddly Smooth Stone","Black Star","Bronze Scales","PreservedInsect","Mercury Hourglass","Potion Belt","Omamori","Akabeko","Coffee Dripper","WingedGreaves","The Courier","Pantograph","Question Card","Toy Ornithopter","Happy Flower","Symbiotic Virus","Gremlin Horn","Pear","Gambling Chip"],"potions_floor_usage":[33,37,40,42,44,50,50],"damage_taken":[{"damage":0.0,"enemies":"Small Slimes","floor":1.0,"turns":1.0},{"damage":0.0,"enemies":"2 Louse","floor":3.0,"turns":1.0},{"damage":0.0,"enemies":"Jaw Worm","floor":4.0,"turns":1.0},{"damage":31.0,"enemies":"Gremlin Nob","floor":7.0,"turns":4.0},{"damage":19.0,"enemies":"3 Sentries","floor":10.0,"turns":5.0},{"damage":4.0,"enemies":"Blue Slaver","floor":12.0,"turns":3.0},{"damage":34.0,"enemies":"Hexaghost","floor":16.0,"turns":9.0},{"damage":0.0,"enemies":"Spheric Guardian","floor":18.0,"turns":3.0},{"damage":18.0,"enemies":"Shell Parasite","floor":20.0,"turns":6.0},{"damage":0.0,"enemies":"Chosen and Byrds","floor":22.0,"turns":4.0},{"damage":14.0,"enemies":"Book of Stabbing","floor":23.0,"turns":5.0},{"damage":14.0,"enemies":"Snake Plant","floor":24.0,"turns":3.0},{"damage":0.0,"enemies":"Slavers","floor":28.0,"turns":1.0},{"damage":8.0,"enemies":"Centurion and Healer","floor":30.0,"turns":2.0},{"damage":48,"enemies":"Champ","floor":33,"turns":15},{"damage":0,"enemies":"Orb Walker","floor":35,"turns":3},{"damage":0,"enemies":"3 Darklings","floor":36,"turns":2},{"damage":27,"enemies":"2 Orb Walkers","floor":37,"turns":2},{"damage":0,"enemies":"Spire Growth","floor":38,"turns":4},{"damage":18,"enemies":"Nemesis","floor":40,"turns":5},{"damage":47,"enemies":"Giant Head","floor":42,"turns":7},{"damage":0,"enemies":"Reptomancer","floor":44,"turns":3},{"damage":19,"enemies":"Giant Head","floor":46,"turns":7},{"damage":0,"enemies":"Jaw Worm Horde","floor":48,"turns":4},{"damage":35,"enemies":"Donu and Deca","floor":50,"turns":7}],"seed_played":"3812302177081164533","potions_obtained":[{"floor":1.0,"key":"FairyPotion"},{"floor":12.0,"key":"Strength Potion"},{"floor":16.0,"key":"DistilledChaos"},{"floor":22.0,"key":"Energy Potion"},{"floor":24.0,"key":"Explosive Potion"},{"floor":33,"key":"Fire Potion"},{"floor":35,"key":"SkillPotion"},{"floor":38,"key":"Strength Potion"},{"floor":44,"key":"Strength Potion"},{"floor":48,"key":"FocusPotion"}],"is_trial":false,"path_per_floor":["M","?","M","M","?","R","E","R","T","E","?","M","T","$","R","B",null,"M","?","M","$","M","E","M","R","T","$","E","R","M","?","R","B",null,"M","M","?","M","$","E","R","E","T","E","R","E","R","M","R","B",null],"character_chosen":"DEFECT","items_purchased":["Loop+1","Potion Belt","Fire Potion","Self Repair+1"],"campfire_rested":2,"item_purchase_floors":[14,27,27,39],"current_hp_per_floor":[64,57,57,57,46,46,15,15,15,18,18,14,14,14,57,23,54,54,54,36,36,36,22,8,51,51,51,51,60,52,52,64,21,53,58,63,41,46,46,43,58,26,31,51,64,70,74,74,74,49],"gold":206,"neow_bonus":"THREE_ENEMY_KILL","is_prod":false,"is_daily":false,"chose_seed":false,"campfire_upgraded":8,"win_rate":0,"timestamp":1614281441,"path_taken":["M","?","M","M","?","R","E","R","T","E","?","M","?","?","R","BOSS","M","?","M","$","M","E","M","R","T","$","E","R","M","?","R","BOSS","M","M","?","M","$","E","R","E","T","E","R","E","R","M","R","BOSS"],"build_version":"2020-12-22","purchased_purges":3,"victory":true,"max_hp_per_floor":[71,71,71,71,71,71,71,71,71,71,64,64,64,64,64,64,64,64,64,64,64,64,64,64,64,64,64,64,64,64,64,64,64,64,64,64,64,64,64,64,64,64,64,64,64,74,74,74,74,74],"card_choices":[{"not_picked":["Gash","Tempest"],"picked":"Sweeping Beam","floor":1.0},{"not_picked":["Beam Cell","Coolheaded"],"picked":"Cold Snap","floor":3.0},{"not_picked":["Hologram","Stack"],"picked":"Streamline","floor":4.0},{"not_picked":["Aggregate","Gash","Tempest"],"picked":"SKIP","floor":7.0},{"not_picked":["Barrage","Steam Power"],"picked":"Auto Shields","floor":10.0},{"not_picked":["Beam Cell","Coolheaded"],"picked":"Ball Lightning","floor":12.0},{"not_picked":["Meteor Strike","Echo Form+1"],"picked":"Biased Cognition+1","floor":16.0},{"not_picked":["Streamline","Compile Driver","Force Field"],"picked":"SKIP","floor":18.0},{"not_picked":["Chaos","Redo"],"picked":"Coolheaded","floor":20.0},{"not_picked":["Turbo","Beam Cell","Auto Shields"],"picked":"SKIP","floor":22.0},{"not_picked":["Conserve Battery","Redo"],"picked":"Electrodynamics+1","floor":23.0},{"not_picked":["Ball Lightning+1","Steam"],"picked":"Glacier","floor":24.0},{"not_picked":["Cold Snap","Hologram"],"picked":"Conserve Battery","floor":28.0},{"not_picked":["Hologram+1","Beam Cell"],"picked":"Barrage+1","floor":30.0},{"not_picked":["Biased Cognition+1","Thunder Strike"],"picked":"Creative AI+1","floor":33},{"not_picked":["Redo","Beam Cell"],"picked":"Storm+1","floor":35},{"not_picked":["White Noise","Loop+1"],"picked":"Glacier","floor":36},{"not_picked":["Streamline+1","Cold Snap"],"picked":"Undo","floor":37},{"not_picked":["Glacier","Melter","White Noise"],"picked":"SKIP","floor":38},{"not_picked":["Barrage","Aggregate"],"picked":"Rainbow","floor":40},{"not_picked":["Double Energy","Stack"],"picked":"Heatsinks+1","floor":42},{"not_picked":["Recycle","Static Discharge+1","BootSequence","Streamline+1"],"picked":"SKIP","floor":44},{"not_picked":["Loop+1","Redo","Beam Cell+1","Go for the Eyes"],"picked":"SKIP","floor":46},{"not_picked":["Beam Cell","Sweeping Beam+1","Ball Lightning"],"picked":"Defragment+1","floor":48}],"player_experience":4768203,"relics_obtained":[{"floor":7.0,"key":"Frozen Egg 2"},{"floor":9.0,"key":"Eternal Feather"},{"floor":10.0,"key":"Regal Pillow"},{"floor":13.0,"key":"Oddly Smooth Stone"},{"floor":23.0,"key":"Bronze Scales"},{"floor":23.0,"key":"PreservedInsect"},{"floor":26.0,"key":"Mercury Hourglass"},{"floor":28.0,"key":"Omamori"},{"floor":28.0,"key":"Akabeko"},{"floor":37,"key":"WingedGreaves"},{"floor":40,"key":"The Courier"},{"floor":40,"key":"Pantograph"},{"floor":42,"key":"Question Card"},{"floor":42,"key":"Toy Ornithopter"},{"floor":43,"key":"Happy Flower"},{"floor":44,"key":"Symbiotic Virus"},{"floor":44,"key":"Gremlin Horn"},{"floor":46,"key":"Pear"},{"floor":46,"key":"Gambling Chip"}],"event_choices":[{"cards_removed":["Strike_B"],"damage_healed":0.0,"max_hp_gain":0.0,"max_hp_loss":0.0,"gold_gain":0.0,"event_name":"Golden Wing","player_choice":"Card Removal","floor":2.0,"gold_loss":0.0,"damage_taken":7.0},{"damage_healed":0.0,"max_hp_gain":0.0,"max_hp_loss":0.0,"gold_gain":0.0,"event_name":"Scrap Ooze","player_choice":"Success","floor":5.0,"gold_loss":0.0,"damage_taken":11.0,"relics_obtained":["Cables"]},{"damage_healed":0.0,"max_hp_gain":0.0,"max_hp_loss":7.0,"gold_gain":0.0,"event_name":"Golden Idol","player_choice":"Lose Max HP","floor":11.0,"gold_loss":0.0,"damage_taken":0.0,"relics_obtained":["Golden Idol"]},{"damage_healed":0.0,"max_hp_gain":0.0,"max_hp_loss":0.0,"gold_gain":0.0,"event_name":"Cursed Tome","player_choice":"Ignored","floor":19.0,"gold_loss":0.0,"damage_taken":0.0},{"damage_healed":0.0,"max_hp_gain":0.0,"max_hp_loss":0.0,"gold_gain":0.0,"event_name":"Forgotten Altar","player_choice":"Gave Idol","floor":31.0,"relics_lost":["Golden Idol"],"gold_loss":0.0,"damage_taken":0.0,"relics_obtained":["Bloody Idol"]},{"damage_healed":0,"gold_gain":0,"player_choice":"Fight","damage_taken":0,"max_hp_gain":0,"max_hp_loss":0,"event_name":"Mysterious Sphere","floor":37,"gold_loss":0}],"is_beta":false,"boss_relics":[{"not_picked":["Runic Dome","Pandora\u0027s Box"],"picked":"Black Star"},{"not_picked":["Empty Cage","SacredBark"],"picked":"Coffee Dripper"}],"items_purged_floors":[14,21,39],"is_endless":false,"potions_floor_spawned":[1,12,16,22,24,33,35,38,44,48],"ascension_level":15}