{"gold_per_floor":[110,126,137,212,212,212,241,258,333,333,92,126,139,156,156,231,231,250,250,150,161,180,208,208,208,232,243,46,73,73,85,85,156,156,173,1172,1172,649,697,729,729,748,748,126,126,152,169,181,181,181],"floor_reached":51,"playtime":2075,"items_purged":["Strike_B","Strike_B","Parasite","Normality","Normality"],"score":1540,"play_id":"e9677833-f4bd-4130-bcc0-12e28c91d82c","local_time":"20210530190258","is_ascension_mode":true,"campfire_choices":[{"floor":6.0,"key":"REST"},{"data":"Defragment","floor":15.0,"key":"SMITH"},{"data":"Barrage","floor":24.0,"key":"SMITH"},{"data":"Creative AI","floor":30.0,"key":"SMITH"},{"data":"Zap","floor":32.0,"key":"SMITH"},{"data":"Biased Cognition","floor":41.0,"key":"SMITH"},{"data":"Capacitor","floor":45,"key":"SMITH"},{"data":"Loop","floor":49,"key":"SMITH"}],"neow_cost":"NONE","seed_source_timestamp":40044914091700,"circlet_count":0,"master_deck":["AscendersBane","Strike_B+1","Strike_B","Defend_B","Defend_B+1","Defend_B","Defend_B","Zap+1","Dualcast","Barrage+1","Leap+1","Darkness","Defragment+1","Glacier","Ball Lightning","Self Repair","Core Surge","Machine Learning","Compile Driver+1","Creative AI+1","Chaos+1","Biased Cognition+1","Cold Snap+1","Undo","Heatsinks+1","Force Field","Loop+1","Capacitor+1","Conserve Battery","Go for the Eyes+1","Coolheaded+1"],"special_seed":0,"relics":["Cracked Core","DataDisk","Thread and Needle","Darkstone Periapt","Regal Pillow","Cursed Key","Smiling Mask","Oddly Smooth Stone","Happy Flower","HornCleat","Nuclear Battery","Boot","Bottled Flame","Torii","Whetstone","Centennial Puzzle","Pen Nib","Lee\u0027s Waffle","Vajra"],"potions_floor_usage":[50],"damage_taken":[{"damage":7.0,"enemies":"Jaw Worm","floor":1.0,"turns":3.0},{"damage":0.0,"enemies":"Small Slimes","floor":2.0,"turns":2.0},{"damage":1.0,"enemies":"2 Louse","floor":3.0,"turns":2.0},{"damage":27.0,"enemies":"3 Sentries","floor":7.0,"turns":9.0},{"damage":2.0,"enemies":"2 Fungi Beasts","floor":8.0,"turns":3.0},{"damage":2.0,"enemies":"Gremlin Nob","floor":12.0,"turns":3.0},{"damage":0.0,"enemies":"Looter","floor":13.0,"turns":4.0},{"damage":0.0,"enemies":"Blue Slaver","floor":14.0,"turns":3.0},{"damage":14.0,"enemies":"Hexaghost","floor":16.0,"turns":12.0},{"damage":3.0,"enemies":"3 Byrds","floor":18.0,"turns":5.0},{"damage":0.0,"enemies":"Spheric Guardian","floor":21.0,"turns":4.0},{"damage":4.0,"enemies":"Snecko","floor":22.0,"turns":6.0},{"damage":16.0,"enemies":"Slavers","floor":23.0,"turns":6.0},{"damage":1.0,"enemies":"Centurion and Healer","floor":27.0,"turns":8.0},{"damage":5.0,"enemies":"Book of Stabbing","floor":29.0,"turns":6.0},{"damage":1.0,"enemies":"3 Cultists","floor":31.0,"turns":4.0},{"damage":15.0,"enemies":"Collector","floor":33.0,"turns":10.0},{"damage":8.0,"enemies":"3 Darklings","floor":35.0,"turns":7.0},{"damage":0.0,"enemies":"2 Orb Walkers","floor":39.0,"turns":4.0},{"damage":15.0,"enemies":"Nemesis","floor":40.0,"turns":9.0},{"damage":1.0,"enemies":"Orb Walker","floor":42.0,"turns":4.0},{"damage":0,"enemies":"Giant Head","floor":46,"turns":8},{"damage":0,"enemies":"Spire Growth","floor":47,"turns":5},{"damage":0,"enemies":"Jaw Worm Horde","floor":48,"turns":5},{"damage":0,"enemies":"Donu and Deca","floor":50,"turns":10}],"seed_played":"2889674023537196041","potions_obtained":[{"floor":2.0,"key":"ColorlessPotion"},{"floor":8.0,"key":"Swift Potion"},{"floor":14.0,"key":"AttackPotion"},{"floor":23.0,"key":"Block Potion"},{"floor":27.0,"key":"Energy Potion"},{"floor":29.0,"key":"GamblersBrew"},{"floor":35.0,"key":"EssenceOfDarkness"},{"floor":39.0,"key":"SteroidPotion"},{"floor":48,"key":"Block Potion"}],"is_trial":false,"path_per_floor":["M","M","M","?","?","R","E","M","T","?","$","E","M","M","R","B",null,"M","?","$","M","M","E","R","?","T","M","$","E","R","M","R","B",null,"M","?","?","$","?","E","R","M","T","$","R","E","M","M","R","B",null],"character_chosen":"DEFECT","items_purchased":["Glacier","Ball Lightning","Self Repair","Happy Flower","Boot","Bottled Flame","Undo","Capacitor","Centennial Puzzle","Pen Nib","Lee\u0027s Waffle","Conserve Battery"],"campfire_rested":1,"item_purchase_floors":[11,11,11,28,38,38,38,44,44,44,44,44],"current_hp_per_floor":[57,57,56,45,24,45,18,16,16,39,39,37,44,51,51,44,64,68,68,68,71,71,62,62,62,68,74,74,74,74,74,74,66,72,71,83,82,82,82,74,74,73,73,89,89,89,89,89,89,89],"gold":181,"neow_bonus":"RANDOM_COMMON_RELIC","is_prod":false,"is_daily":false,"chose_seed":false,"campfire_upgraded":7,"win_rate":0,"timestamp":1622426578,"path_taken":["M","M","M","?","?","R","E","M","T","?","$","E","M","M","R","BOSS","M","?","$","M","M","E","R","?","T","M","$","E","R","M","R","BOSS","M","?","?","$","?","E","R","M","T","$","R","E","M","M","R","BOSS"],"build_version":"2020-12-22","purchased_purges":5,"victory":true,"max_hp_per_floor":[71,71,71,71,71,71,71,71,71,71,71,71,71,71,71,71,71,71,71,71,71,71,71,71,71,77,77,74,74,74,74,74,74,74,74,86,82,82,82,82,82,82,82,89,89,89,89,89,89,89],"card_choices":[{"not_picked":["Redo","Reprogram","Stack"],"picked":"SKIP","floor":1.0},{"not_picked":["Go for the Eyes","Static Discharge"],"picked":"Barrage","floor":2.0},{"not_picked":["Auto Shields","Hologram"],"picked":"Leap","floor":3.0},{"not_picked":["Sweeping Beam","Stack"],"picked":"Darkness","floor":7.0},{"not_picked":["Streamline","Reinforced Body"],"picked":"Defragment","floor":8.0},{"not_picked":["Redo","Blizzard"],"picked":"Core Surge","floor":12.0},{"not_picked":["Go for the Eyes","Beam Cell","Gash"],"picked":"SKIP","floor":13.0},{"not_picked":["Sunder","Storm","Steam"],"picked":"SKIP","floor":14.0},{"not_picked":["Reboot","Meteor Strike"],"picked":"Machine Learning","floor":16.0},{"not_picked":["Ball Lightning","Sweeping Beam+1"],"picked":"Compile Driver+1","floor":18.0},{"not_picked":["Ball Lightning","Steam","White Noise"],"picked":"SKIP","floor":21.0},{"not_picked":["Melter","Cold Snap","Streamline"],"picked":"SKIP","floor":22.0},{"not_picked":["Go for the Eyes","Turbo"],"picked":"Creative AI","floor":23.0},{"not_picked":["Beam Cell","Ball Lightning","Core Surge"],"picked":"SKIP","floor":27.0},{"not_picked":["Steam","Glacier"],"picked":"Chaos+1","floor":29.0},{"not_picked":["Tempest","Go for the Eyes","Rebound+1"],"picked":"SKIP","floor":31.0},{"not_picked":["Rainbow","Electrodynamics"],"picked":"Biased Cognition","floor":33.0},{"not_picked":["Hologram","Genetic Algorithm"],"picked":"Cold Snap","floor":35.0},{"not_picked":["Self Repair","Ball Lightning"],"picked":"Heatsinks+1","floor":39.0},{"not_picked":["Stack","Ball Lightning"],"picked":"Force Field","floor":40.0},{"not_picked":["Barrage","Streamline+1"],"picked":"Loop","floor":42.0},{"not_picked":["Steam","Barrage"],"picked":"Go for the Eyes+1","floor":46},{"not_picked":["Auto Shields","Ball Lightning"],"picked":"Coolheaded+1","floor":47},{"not_picked":["Self Repair","Turbo","Meteor Strike"],"picked":"SKIP","floor":48}],"player_experience":4836569,"relics_obtained":[{"floor":7.0,"key":"Thread and Needle"},{"floor":9.0,"key":"Darkstone Periapt"},{"floor":12.0,"key":"Regal Pillow"},{"floor":23.0,"key":"Smiling Mask"},{"floor":26.0,"key":"Oddly Smooth Stone"},{"floor":29.0,"key":"HornCleat"},{"floor":39.0,"key":"Torii"},{"floor":40.0,"key":"Whetstone"},{"floor":46,"key":"Vajra"}],"event_choices":[{"damage_healed":0.0,"max_hp_gain":0.0,"max_hp_loss":0.0,"gold_gain":75.0,"event_name":"World of Goop","player_choice":"Gather Gold","floor":4.0,"gold_loss":0.0,"damage_taken":11.0},{"damage_healed":0.0,"max_hp_gain":0.0,"max_hp_loss":0.0,"gold_gain":0.0,"event_name":"Shining Light","player_choice":"Entered Light","floor":5.0,"gold_loss":0.0,"damage_taken":21.0,"cards_upgraded":["Defend_B","Leap"]},{"damage_healed":23.0,"max_hp_gain":0.0,"max_hp_loss":0.0,"gold_gain":0.0,"event_name":"Big Fish","player_choice":"Banana","floor":10.0,"gold_loss":0.0,"damage_taken":0.0},{"damage_healed":0.0,"max_hp_gain":0.0,"max_hp_loss":0.0,"gold_gain":0.0,"event_name":"Ghosts","player_choice":"Ignored","floor":19.0,"gold_loss":0.0,"damage_taken":0.0},{"damage_healed":0.0,"max_hp_gain":0.0,"max_hp_loss":0.0,"gold_gain":0.0,"event_name":"The Mausoleum","player_choice":"Ignored","floor":25.0,"gold_loss":0.0,"damage_taken":0.0},{"damage_healed":0.0,"max_hp_gain":0.0,"max_hp_loss":0.0,"gold_gain":999.0,"event_name":"MindBloom","player_choice":"Gold","floor":36.0,"gold_loss":0.0,"damage_taken":0.0,"cards_obtained":["Normality","Normality"]},{"damage_healed":0.0,"max_hp_gain":0.0,"max_hp_loss":4.0,"gold_gain":0.0,"event_name":"Winding Halls","player_choice":"Max HP","floor":37.0,"gold_loss":0.0,"damage_taken":0.0},{"damage_healed":0.0,"max_hp_gain":0.0,"max_hp_loss":0.0,"gold_gain":0.0,"event_name":"Mysterious Sphere","player_choice":"Fight","floor":39.0,"gold_loss":0.0,"damage_taken":0.0}],"is_beta":false,"boss_relics":[{"not_picked":["Ectoplasm","Astrolabe"],"picked":"Cursed Key"},{"not_picked":["Fusion Hammer","FrozenCore"],"picked":"Nuclear Battery"}],"items_purged_floors":[11,20,28,38,44],"is_endless":false,"potions_floor_spawned":[2,8,14,23,27,29,31,35,39,48],"ascension_level":15}