{"gold_per_floor":[113,38,38,58,70,96,106,138,138,138,153,178,78,104,104,177,177,193,193,243,253,269,298,311,186,209,209,209,225,225,256,256,333,333,353,367,367,151,163,163,191,191,191,201,201,201,7,42,42,42],"floor_reached":51,"playtime":1544,"items_purged":["Regret","Strike_B","Zap"],"score":1342,"play_id":"f99e5994-26c8-4fb3-9522-5d664aabc4e7","local_time":"20210610222756","is_ascension_mode":true,"campfire_choices":[{"data":"Go for the Eyes","floor":15.0,"key":"SMITH"},{"floor":27.0,"key":"REST"},{"floor":32.0,"key":"REST"},{"data":"Defragment","floor":40,"key":"SMITH"},{"data":"Loop","floor":42,"key":"SMITH"},{"floor":49,"key":"REST"}],"neow_cost":"CURSE","seed_source_timestamp":49909076451900,"circlet_count":0,"master_deck":["AscendersBane","Strike_B+1","Strike_B+1","Defend_B+1","Defend_B+1","Defend_B+1","Defend_B+1","Cold Snap","Undo","Go for the Eyes+1","Conserve Battery","Static Discharge","Ball Lightning+1","Thunder Strike+1","Electrodynamics","Genetic Algorithm+1","Redo+1","Leap","Clumsy","Echo Form","Defragment+1","Core Surge+1","Barrage+1","Machine Learning+1","Sweeping Beam+1","BootSequence","Loop+1","Ball Lightning+1","Stack","Capacitor"],"special_seed":0,"relics":["Cracked Core","Cables","StrikeDummy","Pear","Molten Egg 2","Dream Catcher","Nunchaku","Cursed Key","Bottled Tornado","Vajra","Orichalcum","Astrolabe","Potion Belt","Bronze Scales","DataDisk"],"potions_floor_usage":[41,47,50,50,50],"damage_taken":[{"damage":0.0,"enemies":"2 Louse","floor":1.0,"turns":1.0},{"damage":0.0,"enemies":"Small Slimes","floor":4.0,"turns":1.0},{"damage":0.0,"enemies":"Cultist","floor":5.0,"turns":4.0},{"damage":12.0,"enemies":"Gremlin Nob","floor":6.0,"turns":4.0},{"damage":0.0,"enemies":"Red Slaver","floor":7.0,"turns":3.0},{"damage":0.0,"enemies":"3 Sentries","floor":8.0,"turns":2.0},{"damage":6.0,"enemies":"Exordium Thugs","floor":11.0,"turns":5.0},{"damage":7.0,"enemies":"Lagavulin","floor":12.0,"turns":6.0},{"damage":10.0,"enemies":"Hexaghost","floor":16.0,"turns":4.0},{"damage":6.0,"enemies":"3 Byrds","floor":18.0,"turns":3.0},{"damage":7.0,"enemies":"2 Thieves","floor":21.0,"turns":3.0},{"damage":23.0,"enemies":"Snake Plant","floor":22.0,"turns":3.0},{"damage":10.0,"enemies":"Book of Stabbing","floor":23.0,"turns":4.0},{"damage":11.0,"enemies":"Snecko","floor":24.0,"turns":4.0},{"damage":0.0,"enemies":"3 Cultists","floor":29.0,"turns":4.0},{"damage":31.0,"enemies":"Gremlin Leader","floor":31.0,"turns":6.0},{"damage":10,"enemies":"Automaton","floor":33,"turns":6},{"damage":3,"enemies":"Orb Walker","floor":35,"turns":3},{"damage":0,"enemies":"3 Shapes","floor":36,"turns":3},{"damage":0,"enemies":"Maw","floor":39,"turns":7},{"damage":17,"enemies":"Reptomancer","floor":41,"turns":6},{"damage":3,"enemies":"Sphere and 2 Shapes","floor":44,"turns":4},{"damage":18,"enemies":"Nemesis","floor":48,"turns":5},{"damage":22,"enemies":"Awakened One","floor":50,"turns":13}],"seed_played":"-4545128613481959050","potions_obtained":[{"floor":5.0,"key":"Block Potion"},{"floor":6.0,"key":"DuplicationPotion"},{"floor":11.0,"key":"PowerPotion"},{"floor":18.0,"key":"PotionOfCapacity"},{"floor":23.0,"key":"Regen Potion"},{"floor":31.0,"key":"Swift Potion"},{"floor":33,"key":"Strength Potion"},{"floor":39,"key":"Dexterity Potion"},{"floor":41,"key":"Fruit Juice"}],"is_trial":false,"path_per_floor":["M","$","?","M","M","E","M","E","T","?","M","E","$","T","R","B",null,"M","?","?","M","M","E","M","$","T","R","?","M","?","E","R","B",null,"M","M","?","$","M","R","E","R","T","M","?","T","$","E","R","B",null],"character_chosen":"DEFECT","items_purchased":["Loop","Potion Belt","PotionOfCapacity","Stack","GamblersBrew"],"campfire_rested":3,"item_purchase_floors":[38,38,47,47,47],"current_hp_per_floor":[64,64,59,59,59,47,47,57,57,57,51,44,44,44,44,34,69,63,63,63,56,33,23,24,24,24,48,48,48,36,5,29,19,66,63,63,63,63,63,63,46,46,46,43,43,43,48,30,55,33],"gold":42,"neow_bonus":"THREE_RARE_CARDS","is_prod":false,"is_daily":false,"chose_seed":false,"campfire_upgraded":3,"win_rate":0,"timestamp":1623389276,"path_taken":["M","$","?","M","M","E","M","E","T","?","?","E","$","?","R","BOSS","M","?","?","M","?","E","?","?","T","R","?","M","?","E","R","BOSS","M","M","?","$","M","R","E","R","T","M","?","?","$","E","R","BOSS"],"build_version":"2020-12-22","purchased_purges":3,"victory":true,"max_hp_per_floor":[71,71,71,71,71,71,71,81,81,81,81,81,81,81,81,81,81,81,81,81,81,81,81,81,81,81,81,81,81,81,81,81,81,81,81,81,81,81,81,81,81,81,81,81,81,81,86,86,86,86],"card_choices":[{"not_picked":["Reboot","Creative AI"],"picked":"Hyperbeam","floor":0.0},{"not_picked":["Sweeping Beam","Hologram"],"picked":"Cold Snap","floor":1.0},{"not_picked":["Coolheaded","Hello World"],"picked":"Steam","floor":4.0},{"not_picked":["Rebound","Lockon"],"picked":"Undo","floor":5.0},{"not_picked":["Blizzard","Hologram"],"picked":"Go for the Eyes","floor":6.0},{"not_picked":["Aggregate","Scrape"],"picked":"Conserve Battery","floor":7.0},{"not_picked":["Rebound","Seek"],"picked":"Static Discharge","floor":8.0},{"not_picked":["FTL+1","Reprogram"],"picked":"Ball Lightning+1","floor":11.0},{"not_picked":["Melter+1","Storm"],"picked":"Thunder Strike+1","floor":12.0},{"not_picked":["Hyperbeam+1","Amplify"],"picked":"Electrodynamics","floor":16.0},{"not_picked":["Streamline+1","Double Energy","Redo"],"picked":"SKIP","floor":18.0},{"not_picked":["Rebound+1","BootSequence"],"picked":"Genetic Algorithm+1","floor":21.0},{"not_picked":["Heatsinks","Cold Snap+1"],"picked":"Redo+1","floor":22.0},{"not_picked":["Stack","Lockon+1","Streamline+1"],"picked":"SKIP","floor":23.0},{"not_picked":["Ball Lightning+1","Cold Snap+1"],"picked":"Leap","floor":24.0},{"not_picked":["Undo","Streamline+1"],"picked":"Echo Form","floor":27.0},{"not_picked":["Steam","Gash+1","Conserve Battery"],"picked":"SKIP","floor":29.0},{"not_picked":["Self Repair","Hello World"],"picked":"Defragment","floor":31.0},{"not_picked":["Rainbow","Amplify"],"picked":"Core Surge+1","floor":33},{"not_picked":["Auto Shields","Melter+1"],"picked":"BootSequence","floor":35},{"not_picked":["Doom and Gloom+1","Fusion","Streamline+1"],"picked":"SKIP","floor":36},{"not_picked":["Barrage+1","Coolheaded"],"picked":"Ball Lightning+1","floor":39},{"not_picked":["Loop","Gash+1","Turbo"],"picked":"SKIP","floor":41},{"not_picked":["Hello World+1","Cold Snap+1","Turbo"],"picked":"SKIP","floor":44},{"not_picked":["Genetic Algorithm","Coolheaded"],"picked":"Capacitor","floor":48}],"player_experience":4876673,"relics_obtained":[{"floor":6.0,"key":"StrikeDummy"},{"floor":8.0,"key":"Pear"},{"floor":9.0,"key":"Molten Egg 2"},{"floor":12.0,"key":"Dream Catcher"},{"floor":14.0,"key":"Nunchaku"},{"floor":23.0,"key":"Bottled Tornado"},{"floor":26.0,"key":"Vajra"},{"floor":31.0,"key":"Orichalcum"},{"floor":41,"key":"Bronze Scales"},{"floor":48,"key":"DataDisk"}],"event_choices":[{"damage_healed":0.0,"max_hp_gain":0.0,"max_hp_loss":0.0,"gold_gain":0.0,"event_name":"Scrap Ooze","player_choice":"Success","floor":3.0,"gold_loss":0.0,"damage_taken":5.0,"relics_obtained":["Cables"]},{"damage_healed":0.0,"max_hp_gain":0.0,"max_hp_loss":0.0,"gold_gain":0.0,"cards_transformed":["Hyperbeam"],"event_name":"Transmorgrifier","player_choice":"Transformed","floor":10.0,"gold_loss":0.0,"damage_taken":0.0,"cards_obtained":["Static Discharge"]},{"damage_healed":0.0,"max_hp_gain":0.0,"max_hp_loss":0.0,"gold_gain":0.0,"event_name":"Back to Basics","player_choice":"Simplicity","floor":19.0,"gold_loss":0.0,"damage_taken":0.0,"cards_upgraded":["Strike_B","Strike_B","Strike_B","Defend_B","Defend_B","Defend_B","Defend_B"]},{"damage_healed":0.0,"max_hp_gain":0.0,"max_hp_loss":0.0,"gold_gain":50.0,"event_name":"Golden Shrine","player_choice":"Pray","floor":20.0,"gold_loss":0.0,"damage_taken":0.0},{"damage_healed":0.0,"max_hp_gain":0.0,"max_hp_loss":0.0,"gold_gain":0.0,"event_name":"Vampires","player_choice":"Ignored","floor":28.0,"gold_loss":0.0,"damage_taken":0.0},{"damage_healed":0.0,"max_hp_gain":0.0,"max_hp_loss":0.0,"gold_gain":0.0,"event_name":"Knowing Skull","player_choice":"POTION ","floor":30.0,"potions_obtained":["SpeedPotion"],"gold_loss":0.0,"damage_taken":12.0,"cards_obtained":[]},{"damage_healed":0,"gold_gain":0,"player_choice":"Ignored","damage_taken":0,"max_hp_gain":0,"max_hp_loss":0,"event_name":"Tomb of Lord Red Mask","floor":37,"gold_loss":0},{"cards_removed":["Strike_B"],"damage_healed":0,"gold_gain":0,"player_choice":"Removed Attack","damage_taken":0,"max_hp_gain":0,"max_hp_loss":0,"event_name":"Falling","floor":45,"gold_loss":0}],"is_beta":false,"boss_relics":[{"not_picked":["Coffee Dripper","Runic Dome"],"picked":"Cursed Key"},{"not_picked":["Pandora\u0027s Box","Snecko Eye"],"picked":"Astrolabe"}],"items_purged_floors":[2,13,25],"is_endless":false,"potions_floor_spawned":[5,6,7,11,18,21,23,31,33,39,41],"ascension_level":15}