{"gold_per_floor":[114,131,131,152,173,173,212,212,212,248,269,285,285,320,320,418,418,412,412,425,450,450,450,465,465],"floor_reached":25,"playtime":1082,"items_purged":[],"score":438,"play_id":"b6ea2676-ee66-4e1e-a07e-4a5015aa42ab","local_time":"20211019144706","is_ascension_mode":true,"campfire_choices":[{"data":"Zap","floor":6,"key":"SMITH"},{"data":"Genetic Algorithm","floor":8,"key":"SMITH"},{"data":"Dualcast","floor":13,"key":"SMITH"},{"data":"Darkness","floor":15,"key":"SMITH"},{"data":"Undo","floor":23,"key":"SMITH"}],"neow_cost":"NONE","seed_source_timestamp":28671010112100,"circlet_count":0,"master_deck":["AscendersBane","Strike_B","Strike_B","Strike_B","Strike_B","Defend_B","Defend_B","Defend_B","Defend_B","Zap+1","Dualcast+1","Sweeping Beam","Compile Driver","Genetic Algorithm+1","Self Repair","Auto Shields","Gash","Glacier","Darkness+1","Biased Cognition","Coolheaded","Conserve Battery+1","Undo+1"],"relics":["Cracked Core","NeowsBlessing","Golden Idol","Centennial Puzzle","Kunai","Dead Branch","HornCleat","Cursed Key"],"potions_floor_usage":[10,12,18,25],"damage_taken":[{"damage":0,"enemies":"Jaw Worm","floor":1,"turns":1},{"damage":0,"enemies":"Small Slimes","floor":2,"turns":1},{"damage":0,"enemies":"2 Louse","floor":4,"turns":1},{"damage":4,"enemies":"Large Slime","floor":5,"turns":5},{"damage":25,"enemies":"Lagavulin","floor":7,"turns":7},{"damage":15,"enemies":"3 Sentries","floor":10,"turns":6},{"damage":3,"enemies":"Looter","floor":11,"turns":3},{"damage":8,"enemies":"3 Louse","floor":12,"turns":3},{"damage":0,"enemies":"Lagavulin","floor":14,"turns":8},{"damage":10,"enemies":"Hexaghost","floor":16,"turns":11},{"damage":9,"enemies":"2 Thieves","floor":18,"turns":4},{"damage":4,"enemies":"Shell Parasite","floor":20,"turns":7},{"damage":12,"enemies":"Centurion and Healer","floor":21,"turns":8},{"damage":21,"enemies":"3 Cultists","floor":24,"turns":6},{"damage":51,"enemies":"Gremlin Leader","floor":25,"turns":10}],"seed_played":"697447734775469751","potions_obtained":[{"floor":2,"key":"Fire Potion"},{"floor":4,"key":"ColorlessPotion"},{"floor":7,"key":"EssenceOfDarkness"},{"floor":11,"key":"ColorlessPotion"},{"floor":12,"key":"FearPotion"},{"floor":20,"key":"SmokeBomb"},{"floor":24,"key":"Weak Potion"}],"is_trial":false,"path_per_floor":["M","M","?","M","M","R","E","R","T","E","M","M","R","E","R","B",null,"M","?","M","M","?","R","M","E"],"character_chosen":"DEFECT","items_purchased":[],"campfire_rested":0,"item_purchase_floors":[],"current_hp_per_floor":[64,64,64,64,60,60,42,42,42,34,38,37,37,44,44,41,58,56,56,59,54,54,54,40,0],"gold":465,"neow_bonus":"THREE_ENEMY_KILL","is_prod":false,"is_daily":false,"chose_seed":false,"campfire_upgraded":5,"win_rate":0,"timestamp":1634680026,"path_taken":["M","M","?","M","M","R","E","R","T","E","M","M","R","E","R","BOSS","M","?","M","M","?","R","M","E"],"build_version":"2020-12-22","purchased_purges":0,"victory":false,"max_hp_per_floor":[71,71,64,64,64,64,64,64,64,64,64,64,64,64,64,64,64,64,64,64,64,64,64,64,64],"card_choices":[{"not_picked":["Chaos","Compile Driver"],"picked":"Sweeping Beam","floor":1},{"not_picked":["BootSequence","Reinforced Body"],"picked":"Compile Driver","floor":2},{"not_picked":["Barrage","Stack"],"picked":"Genetic Algorithm","floor":4},{"not_picked":["Beam Cell","Steam"],"picked":"Self Repair","floor":5},{"not_picked":["Fusion","Hologram"],"picked":"Auto Shields","floor":7},{"not_picked":["Turbo","All For One"],"picked":"Gash","floor":10},{"not_picked":["Barrage","Skim","Hologram"],"picked":"SKIP","floor":11},{"not_picked":["Skim","Go for the Eyes"],"picked":"Glacier","floor":12},{"not_picked":["Lockon","Melter"],"picked":"Darkness","floor":14},{"not_picked":["Amplify","Electrodynamics"],"picked":"Biased Cognition","floor":16},{"not_picked":["Steam","Compile Driver"],"picked":"Coolheaded","floor":18},{"not_picked":["Hello World","Barrage"],"picked":"Conserve Battery+1","floor":20},{"not_picked":["Lockon","Gash"],"picked":"Undo","floor":21},{"not_picked":["Sunder","Double Energy","Heatsinks"],"picked":"SKIP","floor":24}],"player_experience":4948128,"relics_obtained":[{"floor":7,"key":"Centennial Puzzle"},{"floor":9,"key":"Kunai"},{"floor":10,"key":"Dead Branch"},{"floor":14,"key":"HornCleat"}],"event_choices":[{"damage_healed":0,"gold_gain":0,"player_choice":"Lose Max HP","damage_taken":0,"relics_obtained":["Golden Idol"],"max_hp_gain":0,"max_hp_loss":7,"event_name":"Golden Idol","floor":3,"gold_loss":0},{"damage_healed":0,"gold_gain":0,"player_choice":"Ignored","damage_taken":0,"max_hp_gain":0,"max_hp_loss":0,"event_name":"The Mausoleum","floor":19,"gold_loss":0},{"damage_healed":0,"gold_gain":0,"player_choice":"Ignored","damage_taken":0,"max_hp_gain":0,"max_hp_loss":0,"event_name":"Ghosts","floor":22,"gold_loss":0}],"is_beta":false,"boss_relics":[{"not_picked":["Astrolabe","Tiny House"],"picked":"Cursed Key"}],"items_purged_floors":[],"is_endless":false,"potions_floor_spawned":[2,4,7,11,12,20,24],"killed_by":"Gremlin Leader","ascension_level":15}