{"gold_per_floor":[11,29,29,42,58,83,99,131,156,156,169,181,181,214,214,293,293,308,20,34,34,34,34,64,83,83,83,97,112,122,141,141,216,216,228,228,42,54,34,34,66,78,90,102,114,151,163,186,198,210],"floor_reached":51,"playtime":2353,"items_purged":["Strike_B"],"score":1317,"play_id":"8713d8ec-0a26-4b87-9fae-f607f3351cc3","local_time":"20220315185031","is_ascension_mode":true,"campfire_choices":[{"floor":13.0,"key":"REST"},{"data":"Capacitor","floor":15.0,"key":"SMITH"},{"floor":23.0,"key":"REST"},{"floor":27.0,"key":"REST"},{"floor":32.0,"key":"REST"},{"data":"Defragment","floor":40.0,"key":"SMITH"},{"floor":42,"key":"REST"},{"floor":44,"key":"REST"},{"data":"Defragment","floor":49,"key":"SMITH"}],"neow_cost":"NO_GOLD","seed_source_timestamp":35733447081600,"circlet_count":0,"master_deck":["AscendersBane","Strike_B","Defend_B","Defend_B","Defend_B","Zap","Dualcast","Cold Snap","Echo Form","Cold Snap","Sweeping Beam","Hologram","Capacitor+1","Undo","Ball Lightning","Core Surge","FTL","Fission","Leap","Ball Lightning+1","Stack","Barrage","Defragment+1","Electrodynamics","Defragment+1","Stack+1","Chaos+1","The Bomb","Chaos+1","Recycle"],"special_seed":0,"relics":["Cracked Core","Vajra","Kunai","Juzu Bracelet","Bag of Marbles","Velvet Choker","Membership Card","Oddly Smooth Stone","Omamori","Calipers","Snecko Eye","Blue Candle","Gremlin Horn","MawBank","The Courier","Pear"],"potions_floor_usage":[41,41,41,50],"damage_taken":[{"damage":0.0,"enemies":"2 Louse","floor":1.0,"turns":3.0},{"damage":0.0,"enemies":"Cultist","floor":2.0,"turns":4.0},{"damage":0.0,"enemies":"Small Slimes","floor":4.0,"turns":2.0},{"damage":10.0,"enemies":"Exordium Wildlife","floor":5.0,"turns":4.0},{"damage":0.0,"enemies":"Lagavulin","floor":6.0,"turns":9.0},{"damage":8.0,"enemies":"Lots of Slimes","floor":7.0,"turns":4.0},{"damage":24.0,"enemies":"Gremlin Nob","floor":8.0,"turns":4.0},{"damage":8.0,"enemies":"2 Fungi Beasts","floor":11.0,"turns":3.0},{"damage":0.0,"enemies":"Large Slime","floor":12.0,"turns":3.0},{"damage":5.0,"enemies":"3 Sentries","floor":14.0,"turns":7.0},{"damage":9.0,"enemies":"The Guardian","floor":16.0,"turns":12.0},{"damage":15.0,"enemies":"2 Thieves","floor":18.0,"turns":4.0},{"damage":11.0,"enemies":"Shell Parasite","floor":20.0,"turns":5.0},{"damage":40.0,"enemies":"Slavers","floor":24.0,"turns":6.0},{"damage":0.0,"enemies":"Snecko","floor":25.0,"turns":6.0},{"damage":6.0,"enemies":"Centurion and Healer","floor":28.0,"turns":7.0},{"damage":6.0,"enemies":"Shelled Parasite and Fungi","floor":29.0,"turns":6.0},{"damage":0.0,"enemies":"Snecko","floor":30.0,"turns":7.0},{"damage":5.0,"enemies":"Chosen and Byrds","floor":31.0,"turns":5.0},{"damage":26.0,"enemies":"Collector","floor":33.0,"turns":9.0},{"damage":0.0,"enemies":"Orb Walker","floor":35.0,"turns":3.0},{"damage":16.0,"enemies":"3 Darklings","floor":38.0,"turns":3.0},{"damage":32,"enemies":"Reptomancer","floor":41,"turns":6},{"damage":4,"enemies":"Nemesis","floor":46,"turns":7},{"damage":8,"enemies":"Transient","floor":48,"turns":5},{"damage":63,"enemies":"Awakened One","floor":50,"turns":15}],"seed_played":"-4133855973712388326","potions_obtained":[{"floor":4.0,"key":"DistilledChaos"},{"floor":8.0,"key":"Fire Potion"},{"floor":12.0,"key":"AttackPotion"},{"floor":14.0,"key":"Swift Potion"},{"floor":16.0,"key":"SpeedPotion"},{"floor":18.0,"key":"Energy Potion"},{"floor":28.0,"key":"CultistPotion"},{"floor":30.0,"key":"FearPotion"},{"floor":35.0,"key":"EntropicBrew"},{"floor":39.0,"key":"Strength Potion"}],"is_trial":false,"path_per_floor":["M","M","?","M","M","E","M","E","T","?","M","M","R","E","R","B",null,"M","$","M","?","$","R","E","M","T","R","M","M","M","M","R","B",null,"M","?","$","M","?","R","E","R","T","R","?","E","?","M","R","B",null],"character_chosen":"DEFECT","items_purchased":["Membership Card","Leap","Oddly Smooth Stone","Defragment","FocusPotion","Gremlin Horn"],"campfire_rested":6,"item_purchase_floors":[19,19,19,37,37,37],"current_hp_per_floor":[64,64,64,64,54,54,46,22,22,22,14,14,35,30,30,21,59,44,44,33,33,33,54,14,14,14,35,29,23,23,18,39,13,57,57,57,57,41,41,41,9,30,30,51,51,57,73,65,65,2],"gold":222,"neow_bonus":"TRANSFORM_TWO_CARDS","is_prod":false,"is_daily":false,"chose_seed":false,"campfire_upgraded":3,"win_rate":0,"timestamp":1647395431,"path_taken":["M","M","?","M","M","E","M","E","T","?","M","M","R","E","R","BOSS","M","$","M","?","$","R","E","M","T","R","M","M","M","M","R","BOSS","M","?","$","M","?","R","E","R","T","R","?","E","?","M","R","BOSS"],"build_version":"2022-03-07","purchased_purges":1,"victory":true,"max_hp_per_floor":[71,71,71,71,71,71,71,71,71,71,71,71,71,71,71,71,71,71,71,71,71,71,71,71,71,71,71,71,71,71,71,71,71,71,71,71,71,71,71,71,71,71,71,71,71,81,81,81,81,81],"relic_stats":{"Calipers":[531],"Gremlin Horn":[8,8],"counters":[26,149],"Blue Candle":[0],"Snecko Eye":[73,61,52,80,-118],"The Courier":322,"Juzu Bracelet":3,"Omamori":1,"Kunai":[37],"Membership Card":322,"MawBank":120,"obtain_stats":[{"Calipers":26,"Pear":46,"Gremlin Horn":37,"Blue Candle":36,"Vajra":6,"Velvet Choker":17,"Oddly Smooth Stone":19,"The Courier":43,"Juzu Bracelet":9,"Omamori":24,"MawBank":41,"Snecko Eye":34,"Bag of Marbles":14,"Kunai":8,"Membership Card":19,"Cracked Core":0},{"Calipers":15,"Pear":24,"Gremlin Horn":21,"Blue Candle":21,"Vajra":5,"Velvet Choker":11,"Oddly Smooth Stone":12,"The Courier":23,"Juzu Bracelet":7,"Omamori":14,"MawBank":23,"Snecko Eye":20,"Bag of Marbles":10,"Kunai":7,"Membership Card":12,"Cracked Core":0},{"Calipers":76,"Pear":129,"Gremlin Horn":113,"Blue Candle":113,"Vajra":22,"Velvet Choker":55,"Oddly Smooth Stone":59,"The Courier":122,"Juzu Bracelet":30,"Omamori":70,"MawBank":122,"Snecko Eye":110,"Bag of Marbles":43,"Kunai":30,"Membership Card":59,"Cracked Core":0}]},"card_choices":[{"not_picked":["Conserve Battery","Lockon"],"picked":"Cold Snap","floor":1.0},{"not_picked":["Streamline","Go for the Eyes"],"picked":"Sweeping Beam","floor":2.0},{"not_picked":["Rebound","Gash"],"picked":"Hologram","floor":4.0},{"not_picked":["Consume","Sunder"],"picked":"Coolheaded","floor":5.0},{"not_picked":["Echo Form","Sweeping Beam"],"picked":"Capacitor","floor":6.0},{"not_picked":["Gash","Turbo"],"picked":"Undo","floor":7.0},{"not_picked":["Gash","Compile Driver"],"picked":"Ball Lightning","floor":8.0},{"not_picked":["Steam","Turbo","Scrape"],"picked":"SKIP","floor":11.0},{"not_picked":["Force Field","Gash"],"picked":"Core Surge","floor":12.0},{"not_picked":["Streamline","Core Surge"],"picked":"FTL","floor":14.0},{"not_picked":["Machine Learning","Thunder Strike"],"picked":"Fission","floor":16.0},{"not_picked":["Blizzard","Turbo","Capacitor"],"picked":"SKIP","floor":18.0},{"not_picked":["Steam","Hologram"],"picked":"Ball Lightning+1","floor":20.0},{"not_picked":["Steam Power","Sweeping Beam"],"picked":"Stack","floor":24.0},{"not_picked":["Hologram","Amplify","Ball Lightning"],"picked":"SKIP","floor":25.0},{"not_picked":["Heatsinks","Gash"],"picked":"Barrage","floor":28.0},{"not_picked":["Beam Cell+1","Consume"],"picked":"Defragment","floor":29.0},{"not_picked":["Turbo","Coolheaded","Sweeping Beam"],"picked":"SKIP","floor":30.0},{"not_picked":["Steam","FTL","Redo+1"],"picked":"SKIP","floor":31.0},{"not_picked":["Machine Learning","Meteor Strike"],"picked":"Electrodynamics","floor":33.0},{"not_picked":["Stack","Gash","Reprogram"],"picked":"SKIP","floor":35.0},{"not_picked":["Rebound","Streamline"],"picked":"Stack+1","floor":38.0},{"not_picked":["Tempest","Defragment"],"picked":"Chaos+1","floor":41},{"not_picked":["Metamorphosis","Finesse"],"picked":"The Bomb","floor":45},{"not_picked":["Tempest+1","Sweeping Beam"],"picked":"Chaos+1","floor":46},{"not_picked":["Go for the Eyes+1","Hologram+1"],"picked":"Recycle","floor":48}],"player_experience":5080258,"relics_obtained":[{"floor":6.0,"key":"Vajra"},{"floor":8.0,"key":"Kunai"},{"floor":9.0,"key":"Juzu Bracelet"},{"floor":14.0,"key":"Bag of Marbles"},{"floor":24.0,"key":"Omamori"},{"floor":26.0,"key":"Calipers"},{"floor":41,"key":"MawBank"},{"floor":43,"key":"The Courier"},{"floor":46,"key":"Pear"}],"event_choices":[{"cards_removed":["Strike_B"],"damage_healed":0.0,"max_hp_gain":0.0,"max_hp_loss":0.0,"gold_gain":0.0,"event_name":"Purifier","player_choice":"Purged","floor":3.0,"gold_loss":0.0,"damage_taken":0.0},{"damage_healed":0.0,"max_hp_gain":0.0,"max_hp_loss":0.0,"gold_gain":0.0,"event_name":"Liars Game","player_choice":"Ignored","floor":10.0,"gold_loss":0.0,"damage_taken":0.0},{"cards_removed":["Coolheaded"],"damage_healed":0.0,"max_hp_gain":0.0,"max_hp_loss":0.0,"gold_gain":0.0,"event_name":"WeMeetAgain","player_choice":"Gave Card","floor":36.0,"gold_loss":0.0,"damage_taken":0.0,"relics_obtained":["Blue Candle"]},{"damage_healed":0.0,"max_hp_gain":0.0,"max_hp_loss":0.0,"gold_gain":0.0,"event_name":"The Woman in Blue","player_choice":"Bought 1 Potion","floor":39.0,"gold_loss":0.0,"damage_taken":0.0},{"damage_healed":0,"gold_gain":0,"player_choice":"Memory 1","damage_taken":0,"max_hp_gain":0,"max_hp_loss":0,"event_name":"SensoryStone","floor":45,"gold_loss":0},{"damage_healed":16,"gold_gain":0,"player_choice":"Writhe","damage_taken":0,"max_hp_gain":0,"max_hp_loss":0,"event_name":"Winding Halls","floor":47,"gold_loss":0,"cards_obtained":["Writhe"]}],"is_beta":false,"boss_relics":[{"not_picked":["Inserter","Pandora\u0027s Box"],"picked":"Velvet Choker"},{"not_picked":["Black Star","Busted Crown"],"picked":"Snecko Eye"}],"items_purged_floors":[19],"is_endless":false,"potions_floor_spawned":[4,8,12,14,16,18,20,28,30,35],"ascension_level":15}