{"gold_per_floor":[114,133,146,221,221,250,266,297,374,374,389,389,414,288,288,360,360,371,371,400,400,400,435,435,68,120,120,154,204,230,5,5,81,81,93,113,130,145,155,155,186,186,232,264,264,297,297,20,20,20],"floor_reached":51,"playtime":2374,"items_purged":["Strike_B","Streamline","Zap"],"score":1856,"play_id":"3a6f4aac-4259-4576-9eae-cf5f63238586","local_time":"20220409222015","is_ascension_mode":true,"campfire_choices":[{"floor":10.0,"key":"REST"},{"floor":12.0,"key":"REST"},{"data":"Sweeping Beam","floor":15.0,"key":"SMITH"},{"data":"Buffer","floor":24.0,"key":"SMITH"},{"data":"Go for the Eyes","floor":27.0,"key":"SMITH"},{"data":"Biased Cognition","floor":32.0,"key":"SMITH"},{"data":"Capacitor","floor":40.0,"key":"SMITH"},{"data":"Loop","floor":42.0,"key":"SMITH"},{"data":"Static Discharge","floor":49,"key":"SMITH"}],"neow_cost":"NONE","seed_source_timestamp":136681820137100,"circlet_count":0,"master_deck":["AscendersBane","Strike_B+1","Strike_B+1","Strike_B+1","Defend_B+1","Defend_B+1","Defend_B+1","Defend_B+1","Dualcast","Reinforced Body","Rebound","Ball Lightning+1","Chill","Compile Driver+1","Go for the Eyes+1","Coolheaded","Sweeping Beam+1","Buffer+1","Barrage+1","Loop+1","Conserve Battery+1","Biased Cognition+1","Capacitor+1","Amplify","Barrage","Coolheaded+1","Stack+1","Static Discharge+1","Heatsinks+1","Force Field+1"],"special_seed":0,"relics":["Cracked Core","Mercury Hourglass","Calipers","Ornamental Fan","Regal Pillow","Nuclear Battery","Red Mask","Bag of Preparation","ClockworkSouvenir","Dream Catcher","Lizard Tail","Bronze Scales","Black Star","Whetstone","Mummified Hand","Akabeko","InkBottle","Orichalcum","Eternal Feather","Toxic Egg 2","Runic Capacitor"],"potions_floor_usage":[50],"damage_taken":[{"damage":4.0,"enemies":"2 Louse","floor":1.0,"turns":3.0},{"damage":7.0,"enemies":"Jaw Worm","floor":2.0,"turns":3.0},{"damage":0.0,"enemies":"Small Slimes","floor":3.0,"turns":3.0},{"damage":18.0,"enemies":"Lagavulin","floor":6.0,"turns":6.0},{"damage":14.0,"enemies":"Red Slaver","floor":7.0,"turns":3.0},{"damage":10.0,"enemies":"Gremlin Nob","floor":8.0,"turns":4.0},{"damage":18.0,"enemies":"Large Slime","floor":11.0,"turns":3.0},{"damage":17.0,"enemies":"Lagavulin","floor":13.0,"turns":6.0},{"damage":0.0,"enemies":"Slime Boss","floor":16.0,"turns":5.0},{"damage":0.0,"enemies":"Spheric Guardian","floor":18.0,"turns":3.0},{"damage":20.0,"enemies":"Masked Bandits","floor":20.0,"turns":5.0},{"damage":10.0,"enemies":"Gremlin Leader","floor":23.0,"turns":8.0},{"damage":5.0,"enemies":"Book of Stabbing","floor":28.0,"turns":6.0},{"damage":0.0,"enemies":"Slavers","floor":30.0,"turns":4.0},{"damage":0.0,"enemies":"Automaton","floor":33.0,"turns":12.0},{"damage":0.0,"enemies":"3 Darklings","floor":35.0,"turns":4.0},{"damage":0.0,"enemies":"3 Shapes","floor":36.0,"turns":5.0},{"damage":0.0,"enemies":"Writhing Mass","floor":37.0,"turns":10.0},{"damage":0.0,"enemies":"Jaw Worm Horde","floor":38.0,"turns":5.0},{"damage":9.0,"enemies":"Maw","floor":39.0,"turns":8.0},{"damage":16.0,"enemies":"Giant Head","floor":41.0,"turns":11.0},{"damage":0.0,"enemies":"Nemesis","floor":44.0,"turns":7.0},{"damage":0,"enemies":"Giant Head","floor":46,"turns":10},{"damage":0,"enemies":"Donu and Deca","floor":50,"turns":10}],"seed_played":"9014322158957576400","potions_obtained":[{"floor":1.0,"key":"Fruit Juice"},{"floor":6.0,"key":"Energy Potion"},{"floor":7.0,"key":"SpeedPotion"},{"floor":13.0,"key":"Fire Potion"},{"floor":28.0,"key":"AttackPotion"},{"floor":30.0,"key":"LiquidBronze"},{"floor":33.0,"key":"DuplicationPotion"},{"floor":44.0,"key":"LiquidBronze"}],"is_trial":false,"path_per_floor":["M","M","M","?","?","E","M","E","T","R","M","R","E","$","R","B",null,"M","?","?","?","?","E","R","$","T","R","E","?","E","$","R","B",null,"M","M","M","M","M","R","E","R","T","E","?","E","?","$","R","B",null],"character_chosen":"DEFECT","items_purchased":["Sweeping Beam","Biased Cognition","ClockworkSouvenir","Regen Potion","Capacitor","Energy Potion","Runic Capacitor"],"campfire_rested":2,"item_purchase_floors":[14,25,25,25,31,31,48],"current_hp_per_floor":[60,53,53,42,42,24,15,5,5,27,9,31,14,14,14,14,61,61,61,41,41,41,31,31,31,31,31,41,41,41,41,41,41,67,67,67,67,67,58,58,42,42,42,42,42,42,42,42,60,60],"gold":20,"neow_bonus":"THREE_CARDS","is_prod":false,"is_daily":false,"chose_seed":false,"campfire_upgraded":7,"win_rate":0,"timestamp":1649568015,"path_taken":["M","M","M","?","?","E","M","E","T","R","M","R","E","$","R","BOSS","M","?","?","?","?","E","R","$","T","R","E","?","E","$","R","BOSS","M","M","M","M","M","R","E","R","T","E","?","E","?","$","R","BOSS"],"build_version":"2022-03-07","purchased_purges":3,"victory":true,"max_hp_per_floor":[71,71,71,71,71,71,76,76,76,76,76,76,76,76,76,76,76,76,76,76,76,76,76,76,76,76,76,76,76,76,76,76,76,76,76,76,76,76,76,76,76,76,76,76,72,72,72,72,72,72],"relic_stats":{"Regal Pillow":0,"Calipers":[963],"counters":[24,141],"Eternal Feather":18,"Bag of Preparation":[24],"Whetstone":["Ball Lightning","Compile Driver"],"Orichalcum":[6],"Mercury Hourglass":[455],"Dream Catcher":0,"Lizard Tail":0,"Ornamental Fan":[148],"Mummified Hand":[19],"Bronze Scales":[223],"Black Star":3,"obtain_stats":[{"Regal Pillow":13,"Calipers":8,"Eternal Feather":46,"Bag of Preparation":23,"Runic Capacitor":48,"Whetstone":41,"Orichalcum":44,"Akabeko":43,"Mercury Hourglass":6,"Nuclear Battery":17,"ClockworkSouvenir":25,"Dream Catcher":26,"Lizard Tail":28,"Ornamental Fan":9,"Mummified Hand":41,"Bronze Scales":30,"Red Mask":20,"Black Star":34,"Toxic Egg 2":46,"Cracked Core":0,"InkBottle":44},{"Regal Pillow":8,"Calipers":6,"Eternal Feather":23,"Bag of Preparation":12,"Runic Capacitor":23,"Whetstone":21,"Orichalcum":22,"Akabeko":21,"Mercury Hourglass":4,"Nuclear Battery":9,"ClockworkSouvenir":12,"Dream Catcher":12,"Lizard Tail":13,"Ornamental Fan":6,"Mummified Hand":21,"Bronze Scales":14,"Red Mask":11,"Black Star":15,"Toxic Egg 2":23,"Cracked Core":0,"InkBottle":22},{"Regal Pillow":29,"Calipers":21,"Eternal Feather":131,"Bag of Preparation":50,"Runic Capacitor":131,"Whetstone":114,"Orichalcum":121,"Akabeko":114,"Mercury Hourglass":15,"Nuclear Battery":34,"ClockworkSouvenir":50,"Dream Catcher":50,"Lizard Tail":56,"Ornamental Fan":21,"Mummified Hand":114,"Bronze Scales":60,"Red Mask":42,"Black Star":72,"Toxic Egg 2":131,"Cracked Core":0,"InkBottle":121}],"InkBottle":[10]},"card_choices":[{"not_picked":["Coolheaded","Skim"],"picked":"Reinforced Body","floor":0.0},{"not_picked":["Undo","Turbo"],"picked":"Streamline","floor":1.0},{"not_picked":["Redo","Coolheaded"],"picked":"Rebound","floor":2.0},{"not_picked":["Sunder","Steam"],"picked":"Ball Lightning","floor":3.0},{"not_picked":["FTL","Beam Cell"],"picked":"Chill","floor":6.0},{"not_picked":["Streamline","Turbo","Double Energy"],"picked":"SKIP","floor":7.0},{"not_picked":["Conserve Battery","Thunder Strike"],"picked":"Compile Driver","floor":8.0},{"not_picked":["Consume","Hello World"],"picked":"Go for the Eyes","floor":11.0},{"not_picked":["Stack","FTL"],"picked":"Coolheaded","floor":13.0},{"not_picked":["Hyperbeam","Multi-Cast"],"picked":"Buffer","floor":16.0},{"not_picked":["Fusion","Rebound"],"picked":"Barrage+1","floor":18.0},{"not_picked":["Beam Cell+1","Ball Lightning"],"picked":"Conserve Battery+1","floor":23.0},{"not_picked":["Blizzard","Compile Driver","Hello World"],"picked":"SKIP","floor":28.0},{"not_picked":["Streamline","Aggregate","Redo"],"picked":"SKIP","floor":30.0},{"not_picked":["Reboot","All For One"],"picked":"Amplify","floor":33.0},{"not_picked":["Loop","Chill"],"picked":"Barrage","floor":35.0},{"not_picked":["Hologram","Leap"],"picked":"Coolheaded+1","floor":36.0},{"not_picked":["Leap+1","Streamline+1","Coolheaded"],"picked":"SKIP","floor":37.0},{"not_picked":["Sweeping Beam","Turbo"],"picked":"Stack+1","floor":38.0},{"not_picked":["Leap","Redo+1","Scrape"],"picked":"SKIP","floor":39.0},{"not_picked":["Buffer","Streamline"],"picked":"Static Discharge","floor":41.0},{"not_picked":["White Noise","Redo"],"picked":"Heatsinks+1","floor":44.0},{"not_picked":["Streamline","Gash+1"],"picked":"Force Field+1","floor":46}],"player_experience":5121564,"relics_obtained":[{"floor":6.0,"key":"Mercury Hourglass"},{"floor":8.0,"key":"Calipers"},{"floor":9.0,"key":"Ornamental Fan"},{"floor":13.0,"key":"Regal Pillow"},{"floor":20.0,"key":"Red Mask"},{"floor":23.0,"key":"Bag of Preparation"},{"floor":26.0,"key":"Dream Catcher"},{"floor":28.0,"key":"Lizard Tail"},{"floor":30.0,"key":"Bronze Scales"},{"floor":41.0,"key":"Whetstone"},{"floor":41.0,"key":"Mummified Hand"},{"floor":43.0,"key":"Akabeko"},{"floor":44.0,"key":"InkBottle"},{"floor":44.0,"key":"Orichalcum"},{"floor":46,"key":"Eternal Feather"},{"floor":46,"key":"Toxic Egg 2"}],"event_choices":[{"damage_healed":0.0,"max_hp_gain":0.0,"max_hp_loss":0.0,"gold_gain":75.0,"event_name":"World of Goop","player_choice":"Gather Gold","floor":4.0,"gold_loss":0.0,"damage_taken":11.0},{"damage_healed":0.0,"max_hp_gain":0.0,"max_hp_loss":0.0,"gold_gain":0.0,"event_name":"Liars Game","player_choice":"Ignored","floor":5.0,"gold_loss":0.0,"damage_taken":0.0},{"damage_healed":0.0,"max_hp_gain":0.0,"max_hp_loss":0.0,"gold_gain":0.0,"event_name":"Back to Basics","player_choice":"Simplicity","floor":19.0,"gold_loss":0.0,"damage_taken":0.0,"cards_upgraded":["Strike_B","Strike_B","Strike_B","Defend_B","Defend_B","Defend_B","Defend_B"]},{"damage_healed":0.0,"max_hp_gain":0.0,"max_hp_loss":0.0,"gold_gain":0.0,"event_name":"Masked Bandits","player_choice":"Fought Bandits","floor":20.0,"gold_loss":0.0,"damage_taken":0.0},{"damage_healed":0.0,"max_hp_gain":0.0,"max_hp_loss":0.0,"gold_gain":0.0,"event_name":"The Library","player_choice":"Read","floor":21.0,"gold_loss":0.0,"damage_taken":0.0,"cards_obtained":["Loop"]},{"damage_healed":0.0,"max_hp_gain":0.0,"max_hp_loss":0.0,"gold_gain":0.0,"event_name":"The Mausoleum","player_choice":"Ignored","floor":22.0,"gold_loss":0.0,"damage_taken":0.0},{"damage_healed":0.0,"max_hp_gain":0.0,"max_hp_loss":0.0,"gold_gain":50.0,"event_name":"Golden Shrine","player_choice":"Pray","floor":29.0,"gold_loss":0.0,"damage_taken":0.0},{"damage_healed":0.0,"max_hp_gain":0.0,"max_hp_loss":4.0,"gold_gain":0.0,"event_name":"Winding Halls","player_choice":"Max HP","floor":45.0,"gold_loss":0.0,"damage_taken":0.0},{"damage_healed":0,"gold_gain":0,"player_choice":"Ignored","damage_taken":0,"max_hp_gain":0,"max_hp_loss":0,"event_name":"SecretPortal","floor":47,"gold_loss":0}],"is_beta":false,"boss_relics":[{"not_picked":["Empty Cage","Coffee Dripper"],"picked":"Nuclear Battery"},{"not_picked":["Busted Crown","SlaversCollar"],"picked":"Black Star"}],"items_purged_floors":[14,31,48],"is_endless":false,"potions_floor_spawned":[1,6,7,13,28,30,33,36,37,44],"ascension_level":15}