{"gold_per_floor":[210,210,230,230,250,279,279,308,308,35,61,61,61,61,61,154,154,170,170,180,31,31,61,111,143,167,167,181,211,211,224,224,302,302,312,332,12,12,12,43,43,43,55,95,126,170,217,239,251,263],"floor_reached":51,"playtime":2131,"items_purged":["Strike_B","Zap"],"score":1646,"play_id":"b45fcd63-5cd9-4b5c-81e9-2f335e573866","local_time":"20220422162019","is_ascension_mode":true,"campfire_choices":[{"floor":7.0,"key":"REST"},{"floor":12.0,"key":"REST"},{"data":"Apotheosis","floor":15.0,"key":"SMITH"},{"floor":27.0,"key":"REST"},{"data":"Defragment","floor":30.0,"key":"SMITH"},{"data":"Capacitor","floor":32.0,"key":"SMITH"},{"floor":41,"key":"REST"},{"data":"Biased Cognition","floor":49,"key":"SMITH"}],"neow_cost":"NONE","seed_source_timestamp":0,"circlet_count":0,"master_deck":["AscendersBane","Defend_B","Defend_B","Defend_B+1","Defend_B+1","Dualcast","Reinforced Body","Lockon","Cold Snap","Barrage","Apotheosis+1","FTL+1","Ball Lightning+1","Biased Cognition+1","Defragment+1","Sweeping Beam+1","Capacitor+1","Conserve Battery","Go for the Eyes+1","Electrodynamics","Aggregate+1","Fission","Darkness+1","Ball Lightning+1","Flash of Steel+1","Coolheaded","Stack+1","Loop+1","Barrage+1","Coolheaded"],"special_seed":0,"relics":["FrozenCore","Juzu Bracelet","Unceasing Top","Molten Egg 2","Matryoshka","Bloody Idol","Philosopher\u0027s Stone","WingedGreaves","Regal Pillow","Potion Belt","Akabeko","Anchor","Vajra","Oddly Smooth Stone","MawBank","Singing Bowl","CaptainsWheel","Cables","Letter Opener","HornCleat"],"potions_floor_usage":[50,50,50],"damage_taken":[{"damage":1.0,"enemies":"Small Slimes","floor":1.0,"turns":3.0},{"damage":0.0,"enemies":"2 Louse","floor":3.0,"turns":4.0},{"damage":0.0,"enemies":"Cultist","floor":5.0,"turns":2.0},{"damage":20.0,"enemies":"3 Sentries","floor":6.0,"turns":9.0},{"damage":24.0,"enemies":"Gremlin Nob","floor":8.0,"turns":4.0},{"damage":13.0,"enemies":"3 Sentries","floor":11.0,"turns":7.0},{"damage":23.0,"enemies":"Hexaghost","floor":16.0,"turns":10.0},{"damage":6.0,"enemies":"Shell Parasite","floor":18.0,"turns":3.0},{"damage":0.0,"enemies":"Chosen","floor":20.0,"turns":4.0},{"damage":11.0,"enemies":"Book of Stabbing","floor":23.0,"turns":4.0},{"damage":40.0,"enemies":"Slavers","floor":25.0,"turns":4.0},{"damage":3.0,"enemies":"Centurion and Healer","floor":28.0,"turns":5.0},{"damage":3.0,"enemies":"Gremlin Leader","floor":29.0,"turns":5.0},{"damage":7.0,"enemies":"Snake Plant","floor":31.0,"turns":3.0},{"damage":6.0,"enemies":"Champ","floor":33.0,"turns":8.0},{"damage":1.0,"enemies":"Orb Walker","floor":35.0,"turns":3.0},{"damage":31,"enemies":"3 Darklings","floor":36,"turns":5},{"damage":23,"enemies":"Nemesis","floor":40,"turns":5},{"damage":19,"enemies":"Reptomancer","floor":44,"turns":5},{"damage":0,"enemies":"Sphere and 2 Shapes","floor":45,"turns":4},{"damage":0,"enemies":"Nemesis","floor":46,"turns":7},{"damage":0,"enemies":"Reptomancer","floor":47,"turns":6},{"damage":0,"enemies":"Jaw Worm Horde","floor":48,"turns":3},{"damage":0,"enemies":"Awakened One","floor":50,"turns":13}],"seed_played":"-8912328320845396992","potions_obtained":[{"floor":1.0,"key":"Dexterity Potion"},{"floor":5.0,"key":"Fruit Juice"},{"floor":11.0,"key":"Block Potion"},{"floor":16.0,"key":"Regen Potion"},{"floor":20.0,"key":"Explosive Potion"},{"floor":28.0,"key":"DuplicationPotion"},{"floor":31.0,"key":"EssenceOfSteel"},{"floor":44,"key":"AttackPotion"}],"is_trial":false,"path_per_floor":["M","?","M","?","M","E","R","E","T","$","E","R","?","?","R","B",null,"M","?","M","$","?","E","?","E","T","R","M","E","R","M","R","B",null,"M","M","$","?","$","E","R","T","T","E","M","E","E","M","R","B",null],"character_chosen":"DEFECT","items_purchased":["Apotheosis","Fire Potion","FTL+1","Capacitor","PotionOfCapacity","Vajra"],"campfire_rested":4,"item_purchase_floors":[10,10,10,21,37,37],"current_hp_per_floor":[63,42,42,35,35,15,36,12,12,12,4,26,26,26,26,3,53,47,47,52,52,52,46,51,28,33,68,69,69,69,67,67,66,68,69,43,43,43,43,25,60,60,65,55,67,71,71,71,71,71],"gold":275,"neow_bonus":"HUNDRED_GOLD","is_prod":false,"is_daily":false,"chose_seed":false,"campfire_upgraded":4,"win_rate":0,"timestamp":1650669619,"path_taken":["M","?","M","?","M","E","R","E","T","$","E","R","?","?","R","BOSS","M","?","M","$","?","E","?","E","T","R","M","E","R","M","R","BOSS","M","M","$","?","$","E","R","?","T","E","M","E","E","M","R","BOSS"],"build_version":"2022-03-07","purchased_purges":2,"victory":true,"max_hp_per_floor":[71,71,71,71,71,71,71,71,71,71,76,76,69,69,69,69,69,69,69,69,69,69,69,69,69,69,69,69,69,69,69,69,69,69,69,69,69,69,69,69,69,69,69,69,71,71,71,71,71,71],"relic_stats":{"Regal Pillow":30,"Singing Bowl":2,"counters":[13,72],"Juzu Bracelet":0,"Letter Opener":[47],"MawBank":108,"FrozenCore":[24],"Cables":[30,13,11,6,0],"Matryoshka":1,"Bloody Idol":57,"WingedGreaves":3,"obtain_stats":[{"Potion Belt":0,"Regal Pillow":0,"Singing Bowl":42,"Vajra":37,"Oddly Smooth Stone":40,"Juzu Bracelet":0,"Letter Opener":46,"MawBank":42,"Akabeko":0,"FrozenCore":34,"Cables":44,"Anchor":29,"CaptainsWheel":43,"Matryoshka":0,"HornCleat":47,"Bloody Idol":0,"Molten Egg 2":0,"Philosopher\u0027s Stone":0,"WingedGreaves":0,"Cracked Core":0,"Unceasing Top":0},{"Potion Belt":0,"Regal Pillow":0,"Singing Bowl":7,"Vajra":6,"Oddly Smooth Stone":7,"Juzu Bracelet":0,"Letter Opener":10,"MawBank":7,"Akabeko":0,"FrozenCore":4,"Cables":8,"Anchor":2,"CaptainsWheel":7,"Matryoshka":0,"HornCleat":11,"Bloody Idol":0,"Molten Egg 2":0,"Philosopher\u0027s Stone":0,"WingedGreaves":0,"Cracked Core":0,"Unceasing Top":0},{"Potion Belt":0,"Regal Pillow":0,"Singing Bowl":34,"Vajra":29,"Oddly Smooth Stone":34,"Juzu Bracelet":0,"Letter Opener":50,"MawBank":34,"Akabeko":0,"FrozenCore":21,"Cables":39,"Anchor":10,"CaptainsWheel":34,"Matryoshka":0,"HornCleat":56,"Bloody Idol":0,"Molten Egg 2":0,"Philosopher\u0027s Stone":0,"WingedGreaves":0,"Cracked Core":0,"Unceasing Top":0}],"Unceasing Top":[9]},"card_choices":[{"not_picked":["Skim","Reprogram"],"picked":"Reinforced Body","floor":1.0},{"not_picked":["White Noise","Double Energy"],"picked":"Lockon","floor":3.0},{"not_picked":["Turbo","Barrage"],"picked":"Cold Snap","floor":5.0},{"not_picked":["Amplify","Multi-Cast"],"picked":"Barrage","floor":6.0},{"not_picked":["Hyperbeam","Barrage","Redo"],"picked":"SKIP","floor":8.0},{"not_picked":["Barrage+1","Force Field"],"picked":"Ball Lightning+1","floor":11.0},{"not_picked":["Buffer","Creative AI"],"picked":"Biased Cognition","floor":16.0},{"not_picked":["Cold Snap+1","Ball Lightning+1"],"picked":"Defragment","floor":18.0},{"not_picked":["Turbo","Consume"],"picked":"Sweeping Beam+1","floor":20.0},{"not_picked":["Melter+1","Sweeping Beam+1"],"picked":"Conserve Battery","floor":23.0},{"not_picked":["Double Energy","Cold Snap+1"],"picked":"Go for the Eyes+1","floor":25.0},{"not_picked":["Undo","Lockon+1"],"picked":"Electrodynamics","floor":28.0},{"not_picked":["Multi-Cast","Gash+1","Defragment"],"picked":"SKIP","floor":29.0},{"not_picked":["Storm","Go for the Eyes+1"],"picked":"Aggregate+1","floor":31.0},{"not_picked":["Meteor Strike+1","Machine Learning"],"picked":"Fission","floor":33.0},{"not_picked":["Blizzard+1","Gash+1"],"picked":"Darkness+1","floor":35.0},{"not_picked":["Conserve Battery","Barrage+1"],"picked":"Ball Lightning+1","floor":36},{"not_picked":["Mayhem","Discovery"],"picked":"Flash of Steel+1","floor":38},{"not_picked":["Chaos","Hello World"],"picked":"Coolheaded","floor":40},{"not_picked":["Rip and Tear+1","Capacitor"],"picked":"Stack+1","floor":44},{"not_picked":["Conserve Battery","Stack","Rebound+1"],"picked":"Singing Bowl","floor":45},{"not_picked":["Leap","Hologram"],"picked":"Loop+1","floor":46},{"not_picked":["Hyperbeam+1","Sweeping Beam+1"],"picked":"Barrage+1","floor":47},{"not_picked":["Leap","Barrage+1"],"picked":"Coolheaded","floor":48}],"player_experience":5133298,"relics_obtained":[{"floor":6.0,"key":"Juzu Bracelet"},{"floor":8.0,"key":"Unceasing Top"},{"floor":9.0,"key":"Molten Egg 2"},{"floor":11.0,"key":"Matryoshka"},{"floor":23.0,"key":"WingedGreaves"},{"floor":25.0,"key":"Regal Pillow"},{"floor":26.0,"key":"Potion Belt"},{"floor":26.0,"key":"Akabeko"},{"floor":29.0,"key":"Anchor"},{"floor":40,"key":"Oddly Smooth Stone"},{"floor":42,"key":"MawBank"},{"floor":42,"key":"Singing Bowl"},{"floor":43,"key":"CaptainsWheel"},{"floor":44,"key":"Cables"},{"floor":46,"key":"Letter Opener"},{"floor":47,"key":"HornCleat"}],"event_choices":[{"damage_healed":0.0,"max_hp_gain":0.0,"max_hp_loss":0.0,"gold_gain":0.0,"event_name":"Shining Light","player_choice":"Entered Light","floor":2.0,"gold_loss":0.0,"damage_taken":21.0,"cards_upgraded":["Defend_B","Defend_B"]},{"cards_removed":["Strike_B"],"damage_healed":0.0,"max_hp_gain":0.0,"max_hp_loss":0.0,"gold_gain":0.0,"event_name":"Golden Wing","player_choice":"Card Removal","floor":4.0,"gold_loss":0.0,"damage_taken":7.0},{"damage_healed":0.0,"max_hp_gain":0.0,"max_hp_loss":7.0,"gold_gain":0.0,"event_name":"Golden Idol","player_choice":"Lose Max HP","floor":13.0,"gold_loss":0.0,"damage_taken":0.0,"relics_obtained":["Golden Idol"]},{"cards_removed":["Strike_B"],"damage_healed":0.0,"max_hp_gain":0.0,"max_hp_loss":0.0,"gold_gain":0.0,"event_name":"Purifier","player_choice":"Purged","floor":14.0,"gold_loss":0.0,"damage_taken":0.0},{"damage_healed":0.0,"max_hp_gain":0.0,"max_hp_loss":0.0,"gold_gain":0.0,"event_name":"Forgotten Altar","player_choice":"Gave Idol","floor":19.0,"relics_lost":["Golden Idol"],"gold_loss":0.0,"damage_taken":0.0,"relics_obtained":["Bloody Idol"]},{"cards_removed":["Strike_B"],"damage_healed":0.0,"max_hp_gain":0.0,"max_hp_loss":0.0,"gold_gain":0.0,"event_name":"Back to Basics","player_choice":"Elegance","floor":22.0,"gold_loss":0.0,"damage_taken":0.0},{"damage_healed":0.0,"max_hp_gain":0.0,"max_hp_loss":0.0,"gold_gain":50.0,"event_name":"Nest","player_choice":"Stole From Cult","floor":24.0,"gold_loss":0.0,"damage_taken":0.0},{"damage_healed":0,"gold_gain":0,"player_choice":"Memory 1","damage_taken":0,"max_hp_gain":0,"max_hp_loss":0,"event_name":"SensoryStone","floor":38,"gold_loss":0}],"is_beta":false,"boss_relics":[{"not_picked":["Empty Cage","Cursed Key"],"picked":"Philosopher\u0027s Stone"},{"not_picked":["Coffee Dripper","Snecko Eye"],"picked":"FrozenCore"}],"items_purged_floors":[21,37],"is_endless":false,"potions_floor_spawned":[1,5,11,16,20,23,28,31,44,47,48],"ascension_level":15}