{"gold_per_floor":[112,131,150,75,23,51,51,86,86,114,127,127,155,168,168,240,240,258,271,284,86,100,50,77,77,77,88,104,134,151,151,151,228,228,247,257,267,284,284,284,146,176,176,214,231,251,251,276,276,276],"floor_reached":51,"playtime":1881,"items_purged":["Strike_B","Strike_B"],"score":1420,"play_id":"a1d7ca7f-6140-4069-8062-551bbbd605b6","local_time":"20220518211952","is_ascension_mode":true,"campfire_choices":[{"data":"Electrodynamics","floor":7.0,"key":"SMITH"},{"data":"Barrage","floor":15.0,"key":"SMITH"},{"floor":25.0,"key":"REST"},{"data":"Defragment","floor":32.0,"key":"SMITH"},{"data":"Seek","floor":40,"key":"SMITH"},{"data":"Defragment","floor":47,"key":"SMITH"},{"data":"Heatsinks","floor":49,"key":"SMITH"}],"neow_cost":"NONE","seed_source_timestamp":132179587874600,"circlet_count":0,"master_deck":["AscendersBane","Strike_B","Defend_B","Defend_B","Defend_B","Defend_B","Zap","Dualcast","Gash","Barrage+1","Sweeping Beam","Ball Lightning+1","Electrodynamics+1","Self Repair","Conserve Battery","Coolheaded","Cold Snap","Leap","FTL","Creative AI+1","Chill","Reinforced Body","Defragment+1","Compile Driver","Aggregate+1","Seek+1","Storm+1","Cold Snap","Defragment+1","Stack+1","Heatsinks+1","Go for the Eyes+1"],"special_seed":0,"relics":["Cracked Core","NeowsBlessing","Strawberry","Gremlin Horn","Regal Pillow","Toy Ornithopter","StoneCalendar","SlaversCollar","DataDisk","Eternal Feather","Tiny Chest","Nuclear Battery","Blood Vial","CeramicFish","Letter Opener"],"potions_floor_usage":[33,37,42,45,45,45,50],"damage_taken":[{"damage":0.0,"enemies":"Small Slimes","floor":1.0,"turns":1.0},{"damage":0.0,"enemies":"2 Louse","floor":2.0,"turns":1.0},{"damage":0.0,"enemies":"Cultist","floor":3.0,"turns":1.0},{"damage":18.0,"enemies":"Lagavulin","floor":6.0,"turns":6.0},{"damage":5.0,"enemies":"3 Sentries","floor":8.0,"turns":2.0},{"damage":30.0,"enemies":"Lagavulin","floor":10.0,"turns":5.0},{"damage":0.0,"enemies":"Lots of Slimes","floor":11.0,"turns":1.0},{"damage":22.0,"enemies":"Gremlin Nob","floor":13.0,"turns":4.0},{"damage":0.0,"enemies":"2 Fungi Beasts","floor":14.0,"turns":3.0},{"damage":0.0,"enemies":"Slime Boss","floor":16.0,"turns":7.0},{"damage":16.0,"enemies":"Shell Parasite","floor":18.0,"turns":7.0},{"damage":3.0,"enemies":"3 Byrds","floor":19.0,"turns":2.0},{"damage":15.0,"enemies":"Snecko","floor":20.0,"turns":5.0},{"damage":1.0,"enemies":"Chosen and Byrds","floor":22.0,"turns":7.0},{"damage":50.0,"enemies":"Book of Stabbing","floor":24.0,"turns":7.0},{"damage":33.0,"enemies":"Snake Plant","floor":27.0,"turns":5.0},{"damage":6.0,"enemies":"3 Cultists","floor":28.0,"turns":5.0},{"damage":15.0,"enemies":"Gremlin Leader","floor":29.0,"turns":6.0},{"damage":12.0,"enemies":"Cultist and Chosen","floor":30.0,"turns":6.0},{"damage":47,"enemies":"Automaton","floor":33,"turns":9},{"damage":14,"enemies":"3 Darklings","floor":35,"turns":5},{"damage":21,"enemies":"Orb Walker","floor":36,"turns":5},{"damage":18,"enemies":"4 Shapes","floor":37,"turns":4},{"damage":14,"enemies":"3 Darklings","floor":38,"turns":3},{"damage":5,"enemies":"Nemesis","floor":42,"turns":7},{"damage":11,"enemies":"Reptomancer","floor":44,"turns":4},{"damage":30,"enemies":"Spire Growth","floor":45,"turns":5},{"damage":0,"enemies":"Sphere and 2 Shapes","floor":46,"turns":1},{"damage":25,"enemies":"Writhing Mass","floor":48,"turns":5},{"damage":34,"enemies":"Donu and Deca","floor":50,"turns":7}],"seed_played":"6351079349099660499","potions_obtained":[{"floor":2.0,"key":"Block Potion"},{"floor":10.0,"key":"PotionOfCapacity"},{"floor":11.0,"key":"Swift Potion"},{"floor":14.0,"key":"Energy Potion"},{"floor":16.0,"key":"LiquidMemories"},{"floor":18.0,"key":"Explosive Potion"},{"floor":22.0,"key":"Ancient Potion"},{"floor":28.0,"key":"PowerPotion"},{"floor":30.0,"key":"ColorlessPotion"},{"floor":33,"key":"Regen Potion"},{"floor":36,"key":"FocusPotion"},{"floor":38,"key":"SpeedPotion"},{"floor":42,"key":"EntropicBrew"},{"floor":48,"key":"SpeedPotion"}],"is_trial":false,"path_per_floor":["M","M","M","?","$","E","R","E","T","E","M","?","E","M","R","B",null,"M","M","M","$","M","?","E","R","T","M","M","E","M","?","R","B",null,"M","M","M","M","?","R","$","E","T","E","M","M","R","M","R","B",null],"character_chosen":"DEFECT","items_purchased":["Ball Lightning","Defragment","Explosive Potion","Defragment"],"campfire_rested":1,"item_purchase_floors":[5,21,21,41],"current_hp_per_floor":[64,64,64,64,64,53,53,48,48,25,25,25,10,17,17,29,66,62,59,61,61,67,67,24,62,62,41,35,32,32,32,47,12,62,55,41,47,33,33,48,48,55,55,53,47,56,74,56,74,47],"gold":276,"neow_bonus":"THREE_ENEMY_KILL","is_prod":false,"is_daily":false,"chose_seed":false,"campfire_upgraded":6,"win_rate":0,"timestamp":1652933992,"path_taken":["M","M","M","?","$","E","R","E","T","E","M","?","E","M","R","BOSS","M","?","M","?","M","?","E","R","T","?","M","E","M","?","R","BOSS","M","M","M","M","?","R","$","E","T","E","M","M","R","M","R","BOSS"],"build_version":"2022-03-07","purchased_purges":2,"victory":true,"max_hp_per_floor":[71,71,71,71,71,78,78,78,78,78,78,78,78,78,78,78,78,78,78,78,78,78,78,78,78,78,78,78,78,78,78,78,78,78,78,78,78,78,74,74,74,74,74,74,74,74,74,74,74,74],"card_choices":[{"not_picked":["Hologram","Double Energy"],"picked":"Gash","floor":1.0},{"not_picked":["Reinforced Body","Redo"],"picked":"Barrage","floor":2.0},{"not_picked":["Steam","Beam Cell"],"picked":"Sweeping Beam","floor":3.0},{"not_picked":["Static Discharge","Melter"],"picked":"Electrodynamics","floor":6.0},{"not_picked":["Compile Driver","Machine Learning"],"picked":"Self Repair","floor":8.0},{"not_picked":["Tempest","Rebound"],"picked":"Conserve Battery","floor":10.0},{"not_picked":["FTL","Compile Driver"],"picked":"Coolheaded","floor":11.0},{"not_picked":["Rebound","Auto Shields"],"picked":"Leap","floor":13.0},{"not_picked":["Scrape","Rebound"],"picked":"FTL","floor":14.0},{"not_picked":["Fission","Hyperbeam"],"picked":"Creative AI","floor":16.0},{"not_picked":["Steam","Recycle"],"picked":"Chill","floor":18.0},{"not_picked":["FTL","Compile Driver"],"picked":"Reinforced Body","floor":19.0},{"not_picked":["Rip and Tear","Rebound","Turbo"],"picked":"SKIP","floor":20.0},{"not_picked":["Streamline","Rebound","Conserve Battery"],"picked":"SKIP","floor":22.0},{"not_picked":["Rebound","Redo"],"picked":"Compile Driver","floor":24.0},{"not_picked":["Gash","Multi-Cast"],"picked":"Aggregate+1","floor":27.0},{"not_picked":["Coolheaded","Compile Driver","Rebound"],"picked":"SKIP","floor":28.0},{"not_picked":["Consume","Coolheaded","Aggregate"],"picked":"SKIP","floor":29.0},{"not_picked":["Stack","Go for the Eyes","Sunder"],"picked":"SKIP","floor":30.0},{"not_picked":["Meteor Strike","Fission"],"picked":"Seek","floor":33},{"not_picked":["Sweeping Beam","Conserve Battery","Reprogram+1"],"picked":"SKIP","floor":35},{"not_picked":["Aggregate","Auto Shields","Beam Cell+1"],"picked":"SKIP","floor":36},{"not_picked":["Recycle+1","Steam Power+1"],"picked":"Storm+1","floor":37},{"not_picked":["Compile Driver","Leap"],"picked":"Cold Snap","floor":38},{"not_picked":["Chill","Rebound","Steam+1"],"picked":"SKIP","floor":42},{"not_picked":["Turbo","Conserve Battery"],"picked":"Stack+1","floor":44},{"not_picked":["Steam","Consume","Sweeping Beam"],"picked":"SKIP","floor":45},{"not_picked":["Reboot","Streamline"],"picked":"Heatsinks","floor":46},{"not_picked":["Hologram+1","Compile Driver+1"],"picked":"Go for the Eyes+1","floor":48}],"player_experience":5146970,"relics_obtained":[{"floor":6.0,"key":"Strawberry"},{"floor":8.0,"key":"Gremlin Horn"},{"floor":9.0,"key":"Regal Pillow"},{"floor":10.0,"key":"Toy Ornithopter"},{"floor":13.0,"key":"StoneCalendar"},{"floor":24.0,"key":"DataDisk"},{"floor":26.0,"key":"Eternal Feather"},{"floor":29.0,"key":"Tiny Chest"},{"floor":42,"key":"Blood Vial"},{"floor":43,"key":"CeramicFish"},{"floor":44,"key":"Letter Opener"}],"event_choices":[{"cards_removed":["Strike_B"],"damage_healed":0.0,"max_hp_gain":0.0,"max_hp_loss":0.0,"gold_gain":0.0,"event_name":"The Cleric","player_choice":"Card Removal","floor":4.0,"gold_loss":75.0,"damage_taken":0.0},{"damage_healed":0.0,"max_hp_gain":0.0,"max_hp_loss":0.0,"gold_gain":0.0,"event_name":"Match and Keep!","player_choice":"1 cards matched","floor":12.0,"gold_loss":0.0,"damage_taken":0.0,"cards_obtained":["Cold Snap"]},{"damage_healed":0.0,"max_hp_gain":0.0,"max_hp_loss":0.0,"gold_gain":0.0,"event_name":"Designer","player_choice":"Upgraded Two","floor":23.0,"gold_loss":50.0,"damage_taken":0.0,"cards_upgraded":["Ball Lightning","Creative AI"]},{"damage_healed":0.0,"max_hp_gain":0.0,"max_hp_loss":0.0,"gold_gain":0.0,"event_name":"Ghosts","player_choice":"Ignored","floor":31.0,"gold_loss":0.0,"damage_taken":0.0},{"damage_healed":0,"gold_gain":0,"player_choice":"Max HP","damage_taken":0,"max_hp_gain":0,"max_hp_loss":4,"event_name":"Winding Halls","floor":39,"gold_loss":0}],"is_beta":false,"boss_relics":[{"not_picked":["Tiny House","FrozenCore"],"picked":"SlaversCollar"},{"not_picked":["Philosopher\u0027s Stone","Fusion Hammer"],"picked":"Nuclear Battery"}],"items_purged_floors":[21,41],"is_endless":false,"potions_floor_spawned":[2,10,11,14,16,18,22,28,30,33,36,38,42,44,48],"ascension_level":15}