{"gold_per_floor":[18,18,18,32,49,83,97,129,155,168,193,193],"floor_reached":12,"playtime":348,"items_purged":[],"score":175,"play_id":"cc929a1d-5708-4311-8484-74420808d838","local_time":"20220622130621","is_ascension_mode":true,"campfire_choices":[],"neow_cost":"NO_GOLD","seed_source_timestamp":106112306821100,"circlet_count":0,"master_deck":["AscendersBane","Strike_B","Strike_B","Strike_B","Defend_B","Defend_B","Defend_B","Zap","Dualcast","Biased Cognition","Streamline+1","Sweeping Beam","Chill","Defragment","Rainbow","Hologram","Leap","Loop"],"relics":["Cracked Core","Smiling Mask","Nunchaku","Potion Belt","Oddly Smooth Stone"],"potions_floor_usage":[7,8,11],"damage_taken":[{"damage":3,"enemies":"2 Louse","floor":1,"turns":2},{"damage":0,"enemies":"Small Slimes","floor":4,"turns":2},{"damage":0,"enemies":"Cultist","floor":5,"turns":3},{"damage":10,"enemies":"3 Sentries","floor":6,"turns":7},{"damage":0,"enemies":"3 Louse","floor":7,"turns":2},{"damage":4,"enemies":"Gremlin Nob","floor":8,"turns":3},{"damage":11,"enemies":"Large Slime","floor":10,"turns":4},{"damage":4,"enemies":"3 Sentries","floor":11,"turns":6},{"damage":35,"enemies":"Gremlin Gang","floor":12,"turns":2}],"seed_played":"-8453954798994173360","potions_obtained":[{"floor":3,"key":"LiquidMemories"},{"floor":3,"key":"Fire Potion"},{"floor":7,"key":"LiquidMemories"},{"floor":8,"key":"Weak Potion"}],"is_trial":false,"path_per_floor":["M","?","?","M","M","E","M","E","T","M","E","M"],"character_chosen":"DEFECT","items_purchased":[],"campfire_rested":0,"item_purchase_floors":[],"current_hp_per_floor":[61,61,61,61,61,51,51,47,47,36,32,0],"gold":193,"neow_bonus":"TRANSFORM_TWO_CARDS","is_prod":false,"is_daily":false,"chose_seed":false,"campfire_upgraded":0,"win_rate":0,"timestamp":1655928381,"path_taken":["M","?","?","M","?","E","M","E","T","M","E","M"],"build_version":"2022-03-07","purchased_purges":0,"victory":false,"max_hp_per_floor":[71,71,71,71,71,71,71,71,71,71,71,71],"relic_stats":{"Nunchaku":[1],"counters":[9,31],"Smiling Mask":0,"obtain_stats":[{"Potion Belt":9,"Nunchaku":8,"Oddly Smooth Stone":11,"Cracked Core":0,"Smiling Mask":6},{"Potion Belt":6,"Nunchaku":6,"Oddly Smooth Stone":8,"Cracked Core":0,"Smiling Mask":4},{"Potion Belt":19,"Nunchaku":19,"Oddly Smooth Stone":29,"Cracked Core":0,"Smiling Mask":14}]},"card_choices":[{"not_picked":["Barrage","Turbo"],"picked":"Sweeping Beam","floor":1},{"not_picked":["Skim","Storm"],"picked":"Chill","floor":4},{"not_picked":["Aggregate","Hello World"],"picked":"Defragment","floor":5},{"not_picked":["Recycle","Go for the Eyes"],"picked":"Rainbow","floor":6},{"not_picked":["Steam","Redo"],"picked":"Hologram","floor":7},{"not_picked":["Skim","Hologram"],"picked":"Leap","floor":8},{"not_picked":["White Noise","Redo"],"picked":"Loop","floor":10},{"not_picked":["Go for the Eyes","Steam","Turbo"],"picked":"SKIP","floor":11}],"player_experience":5154823,"relics_obtained":[{"floor":6,"key":"Smiling Mask"},{"floor":8,"key":"Nunchaku"},{"floor":9,"key":"Potion Belt"},{"floor":11,"key":"Oddly Smooth Stone"}],"event_choices":[{"damage_healed":0,"gold_gain":0,"player_choice":"Grow","damage_taken":0,"max_hp_gain":0,"max_hp_loss":0,"event_name":"Living Wall","floor":2,"gold_loss":0,"cards_upgraded":["Streamline"]},{"damage_healed":0,"gold_gain":0,"player_choice":"Got Potions","damage_taken":0,"max_hp_gain":0,"max_hp_loss":0,"event_name":"Lab","floor":3,"gold_loss":0}],"is_beta":false,"boss_relics":[],"items_purged_floors":[],"is_endless":false,"potions_floor_spawned":[4,5,7,8],"killed_by":"Gremlin Gang","ascension_level":15}