{"gold_per_floor":[118,25,41,91,102,135,135,153,153,176,206,226,226,244,244,318,318,332,46,62,81,93,93,127,127,127,152,181,198,209,28,28,107,107,118,129,0,0,13,13,24,24,48,48,75,1,1],"floor_reached":47,"playtime":1857,"items_purged":["Strike_B","Strike_B"],"score":887,"play_id":"5b74e16a-fe02-4bfc-a180-55d93e116476","local_time":"20220803085842","is_ascension_mode":true,"campfire_choices":[{"data":"Defragment","floor":7.0,"key":"SMITH"},{"floor":15.0,"key":"REST"},{"floor":23,"key":"REST"},{"floor":25,"key":"REST"},{"floor":32,"key":"REST"},{"floor":40,"key":"REST"},{"data":"Capacitor","floor":44,"key":"SMITH"}],"neow_cost":"NONE","seed_source_timestamp":4655784877300,"circlet_count":0,"master_deck":["AscendersBane","Strike_B","Defend_B","Defend_B","Defend_B","Defend_B","Zap","Dualcast","Go for the Eyes","Defragment+1","Barrage","Ball Lightning","Rebound","Doom and Gloom","Cold Snap","Ball Lightning","Capacitor+1","Conserve Battery","Rainbow","Turbo+1","Master of Strategy","Redo+1","Undo","Compile Driver","Capacitor+1","Electrodynamics","Coolheaded+1","Coolheaded+1","Barrage","Stack"],"special_seed":0,"relics":["Cracked Core","Regal Pillow","Strawberry","Odd Mushroom","Mercury Hourglass","SlaversCollar","Orichalcum","Vajra","PreservedInsect","Happy Flower","Velvet Choker","Red Mask","Boot","Torii"],"potions_floor_usage":[24,28,30,33,39],"damage_taken":[{"damage":7.0,"enemies":"Jaw Worm","floor":1.0,"turns":4.0},{"damage":0.0,"enemies":"Cultist","floor":3.0,"turns":4.0},{"damage":0.0,"enemies":"Small Slimes","floor":5.0,"turns":2.0},{"damage":25.0,"enemies":"Lagavulin","floor":6.0,"turns":6.0},{"damage":0.0,"enemies":"Red Slaver","floor":8.0,"turns":4.0},{"damage":11.0,"enemies":"The Mushroom Lair","floor":10.0,"turns":3.0},{"damage":12.0,"enemies":"Gremlin Nob","floor":11.0,"turns":3.0},{"damage":8.0,"enemies":"Blue Slaver","floor":12.0,"turns":2.0},{"damage":0.0,"enemies":"Exordium Wildlife","floor":14.0,"turns":2.0},{"damage":22.0,"enemies":"Hexaghost","floor":16.0,"turns":7.0},{"damage":7,"enemies":"Chosen","floor":18,"turns":4},{"damage":13,"enemies":"Shell Parasite","floor":20,"turns":5},{"damage":26,"enemies":"Centurion and Healer","floor":21,"turns":7},{"damage":10,"enemies":"Chosen and Byrds","floor":22,"turns":5},{"damage":39,"enemies":"Gremlin Leader","floor":24,"turns":6},{"damage":4,"enemies":"Book of Stabbing","floor":28,"turns":3},{"damage":2,"enemies":"Snecko","floor":29,"turns":4},{"damage":13,"enemies":"3 Cultists","floor":30,"turns":4},{"damage":58,"enemies":"Automaton","floor":33,"turns":8},{"damage":19,"enemies":"3 Darklings","floor":35,"turns":4},{"damage":15,"enemies":"3 Shapes","floor":36,"turns":4},{"damage":9,"enemies":"Writhing Mass","floor":39,"turns":7},{"damage":19,"enemies":"3 Darklings","floor":41,"turns":4},{"damage":29,"enemies":"Giant Head","floor":45,"turns":7},{"damage":43,"enemies":"Spire Growth","floor":47,"turns":3}],"seed_played":"6361452865592970660","potions_obtained":[{"floor":1.0,"key":"Strength Potion"},{"floor":3.0,"key":"EssenceOfSteel"},{"floor":5.0,"key":"Fire Potion"},{"floor":6.0,"key":"Block Potion"},{"floor":10.0,"key":"AttackPotion"},{"floor":20,"key":"BlessingOfTheForge"},{"floor":24,"key":"Explosive Potion"},{"floor":29,"key":"Strength Potion"},{"floor":30,"key":"Regen Potion"},{"floor":35,"key":"PowerPotion"},{"floor":36,"key":"FocusPotion"}],"is_trial":false,"path_per_floor":["M","$","M","?","M","E","R","M","T","?","E","M","?","M","R","B",null,"M","$","M","M","M","R","E","R","T","T","E","M","M","$","R","B",null,"M","M","?","?","M","R","M","?","T","R","E","$","M"],"character_chosen":"DEFECT","items_purchased":["Defragment","Barrage","Master of Strategy","FearPotion","Capacitor","Dexterity Potion","Stack"],"campfire_rested":5,"item_purchase_floors":[2,2,19,19,31,46,46],"current_hp_per_floor":[64,64,64,64,64,39,39,39,46,35,23,15,15,15,55,33,72,65,65,52,26,16,56,17,57,57,57,53,51,38,38,78,20,69,50,35,35,35,41,81,62,62,62,62,33,33,0],"gold":1,"neow_bonus":"TEN_PERCENT_HP_BONUS","is_prod":false,"is_daily":false,"chose_seed":false,"campfire_upgraded":2,"win_rate":0,"timestamp":1659542322,"path_taken":["M","$","M","?","?","E","R","M","T","?","E","M","?","M","R","BOSS","M","$","M","M","M","R","E","R","T","?","E","?","M","$","R","BOSS","M","M","?","?","?","R","M","?","T","R","E","$","?"],"build_version":"2022-03-07","purchased_purges":2,"victory":false,"max_hp_per_floor":[78,78,78,78,78,78,78,78,85,85,85,85,85,85,85,85,85,85,85,85,85,85,85,85,85,85,85,85,85,85,85,85,85,85,85,85,85,85,85,85,85,85,85,85,85,85,85],"relic_stats":{"Regal Pillow":75,"Happy Flower":[15],"Torii":0,"counters":[25,111],"PreservedInsect":172,"Orichalcum":[90],"Boot":[1],"obtain_stats":[{"Regal Pillow":6,"Happy Flower":28,"Torii":45,"Vajra":26,"Velvet Choker":34,"PreservedInsect":27,"Odd Mushroom":10,"Orichalcum":24,"Boot":43,"Mercury Hourglass":11,"SlaversCollar":17,"Strawberry":9,"Red Mask":37,"Cracked Core":0},{"Regal Pillow":4,"Happy Flower":16,"Torii":24,"Vajra":15,"Velvet Choker":19,"PreservedInsect":15,"Odd Mushroom":6,"Orichalcum":15,"Boot":23,"Mercury Hourglass":7,"SlaversCollar":10,"Strawberry":5,"Red Mask":21,"Cracked Core":0},{"Regal Pillow":16,"Happy Flower":66,"Torii":108,"Vajra":63,"Velvet Choker":82,"PreservedInsect":63,"Odd Mushroom":23,"Orichalcum":63,"Boot":101,"Mercury Hourglass":26,"SlaversCollar":37,"Strawberry":20,"Red Mask":90,"Cracked Core":0}],"Mercury Hourglass":[343]},"card_choices":[{"not_picked":["Reprogram","Conserve Battery"],"picked":"Go for the Eyes","floor":1.0},{"not_picked":["Beam Cell","Scrape"],"picked":"Ball Lightning","floor":3.0},{"not_picked":["Force Field","Skim"],"picked":"Rebound","floor":5.0},{"not_picked":["Echo Form","Stack"],"picked":"Doom and Gloom","floor":6.0},{"not_picked":["Barrage","Ball Lightning"],"picked":"Cold Snap","floor":8.0},{"not_picked":["Sweeping Beam","Heatsinks"],"picked":"Ball Lightning","floor":10.0},{"not_picked":["Compile Driver","Double Energy","Ball Lightning"],"picked":"SKIP","floor":11.0},{"not_picked":["Steam","Turbo"],"picked":"Capacitor","floor":12.0},{"not_picked":["Sweeping Beam","Multi-Cast"],"picked":"Conserve Battery","floor":14.0},{"not_picked":["All For One","Meteor Strike"],"picked":"Rainbow","floor":16.0},{"not_picked":["Recycle","Loop"],"picked":"Turbo+1","floor":18},{"not_picked":["Skim","Blizzard"],"picked":"Redo+1","floor":20},{"not_picked":["Cold Snap","Static Discharge"],"picked":"Undo","floor":21},{"not_picked":["Barrage","Doom and Gloom"],"picked":"Compile Driver","floor":22},{"not_picked":["Lockon","Barrage","Recycle"],"picked":"SKIP","floor":24},{"not_picked":["Genetic Algorithm","FTL","Chaos"],"picked":"SKIP","floor":28},{"not_picked":["Blizzard","Lockon","Redo+1"],"picked":"SKIP","floor":29},{"not_picked":["Compile Driver","Consume","Steam"],"picked":"SKIP","floor":30},{"not_picked":["Amplify","Meteor Strike"],"picked":"Electrodynamics","floor":33},{"not_picked":["Redo","Darkness"],"picked":"Coolheaded+1","floor":35},{"not_picked":["Turbo","Redo","Streamline+1"],"picked":"SKIP","floor":36},{"not_picked":["Beam Cell","Leap"],"picked":"Coolheaded+1","floor":39},{"not_picked":["Reboot","Storm","Compile Driver"],"picked":"SKIP","floor":41},{"not_picked":["Turbo","Sweeping Beam"],"picked":"Barrage","floor":45}],"player_experience":5183257,"relics_obtained":[{"floor":6.0,"key":"Regal Pillow"},{"floor":9.0,"key":"Strawberry"},{"floor":10.0,"key":"Odd Mushroom"},{"floor":11.0,"key":"Mercury Hourglass"},{"floor":24,"key":"Orichalcum"},{"floor":26,"key":"Vajra"},{"floor":27,"key":"PreservedInsect"},{"floor":28,"key":"Happy Flower"},{"floor":43,"key":"Boot"},{"floor":45,"key":"Torii"}],"event_choices":[{"damage_healed":0.0,"max_hp_gain":0.0,"max_hp_loss":0.0,"gold_gain":50.0,"event_name":"Golden Shrine","player_choice":"Pray","floor":4.0,"gold_loss":0.0,"damage_taken":0.0},{"damage_healed":0.0,"max_hp_gain":0.0,"max_hp_loss":0.0,"gold_gain":0.0,"event_name":"Mushrooms","player_choice":"Fought Mushrooms","floor":10.0,"gold_loss":0.0,"damage_taken":0.0},{"cards_removed":["Strike_B"],"damage_healed":0.0,"max_hp_gain":0.0,"max_hp_loss":0.0,"gold_gain":0.0,"event_name":"Purifier","player_choice":"Purged","floor":13.0,"gold_loss":0.0,"damage_taken":0.0},{"damage_healed":0,"gold_gain":0,"player_choice":"Paid","damage_taken":0,"relics_obtained":["Red Mask"],"max_hp_gain":0,"max_hp_loss":0,"event_name":"Tomb of Lord Red Mask","floor":37,"gold_loss":129},{"damage_healed":0,"gold_gain":0,"player_choice":"Got Potions","damage_taken":0,"max_hp_gain":0,"max_hp_loss":0,"event_name":"Lab","floor":38,"gold_loss":0},{"damage_healed":0,"gold_gain":0,"player_choice":"Forge","damage_taken":0,"max_hp_gain":0,"max_hp_loss":0,"event_name":"Accursed Blacksmith","floor":42,"gold_loss":0,"cards_upgraded":["Capacitor"]}],"is_beta":false,"boss_relics":[{"not_picked":["FrozenCore","Black Star"],"picked":"SlaversCollar"},{"not_picked":["Runic Dome","Tiny House"],"picked":"Velvet Choker"}],"items_purged_floors":[19,31],"is_endless":false,"potions_floor_spawned":[1,3,5,6,10,20,24,29,30,35,36],"killed_by":"Spire Growth","ascension_level":15}