{"gold_per_floor":[109,109,133,149,165,165,194,194,218,228,228,261,261,295,295,369,369,352,352,367,24,99,99,111,3,3,28,48,48,62,3,3,75,75,91,91,104,122,122,122,137,137,164,193,5,5,5,19,19,19],"floor_reached":51,"playtime":5395,"items_purged":["Strike_B","Strike_B","Strike_B"],"score":1185,"play_id":"14ad3755-e5b4-4e2e-b843-4aeabc98405f","local_time":"20230127210604","is_ascension_mode":true,"campfire_choices":[{"data":"Zap","floor":6.0,"key":"SMITH"},{"floor":8.0,"key":"REST"},{"floor":11.0,"key":"REST"},{"floor":15.0,"key":"REST"},{"data":"Melter","floor":23.0,"key":"SMITH"},{"floor":29.0,"key":"REST"},{"data":"Loop","floor":32.0,"key":"SMITH"},{"floor":40.0,"key":"REST"},{"data":"Fission","floor":47,"key":"SMITH"},{"floor":49,"key":"REST"}],"neow_cost":"NONE","seed_source_timestamp":124548312796300,"circlet_count":0,"master_deck":["AscendersBane","Strike_B","Defend_B","Defend_B","Defend_B","Defend_B","Zap+1","Dualcast","Loop+1","Gash","Melter+1","Reinforced Body","Static Discharge","Go for the Eyes","Multi-Cast","CurseOfTheBell","BootSequence+1","Glacier","Leap","Cold Snap","Compile Driver","Creative AI","Gash+1","Gash+1","Undo","FTL","Fission+1","Ball Lightning+1","Chill","Coolheaded+1","Stack","Gash+1","FTL+1"],"special_seed":0,"relics":["Cracked Core","Ancient Tea Set","Tiny Chest","Gremlin Horn","Bronze Scales","Eternal Feather","Smiling Mask","Calling Bell","Strawberry","The Courier","Calipers","Centennial Puzzle","Toy Ornithopter","Bottled Flame","Bottled Lightning","Omamori","Nuclear Battery","Ornamental Fan","DataDisk","Du-Vu Doll"],"potions_floor_usage":[50,50],"damage_taken":[{"damage":1.0,"enemies":"Cultist","floor":1.0,"turns":4.0},{"damage":7.0,"enemies":"Jaw Worm","floor":4.0,"turns":4.0},{"damage":0.0,"enemies":"Small Slimes","floor":5.0,"turns":3.0},{"damage":30.0,"enemies":"3 Sentries","floor":7.0,"turns":7.0},{"damage":11.0,"enemies":"Exordium Wildlife","floor":10.0,"turns":4.0},{"damage":23.0,"enemies":"Lagavulin","floor":12.0,"turns":6.0},{"damage":28.0,"enemies":"Gremlin Nob","floor":14.0,"turns":4.0},{"damage":30.0,"enemies":"The Guardian","floor":16.0,"turns":8.0},{"damage":31.0,"enemies":"2 Thieves","floor":18.0,"turns":4.0},{"damage":16.0,"enemies":"Shell Parasite","floor":20.0,"turns":5.0},{"damage":14.0,"enemies":"Centurion and Healer","floor":24.0,"turns":11.0},{"damage":23.0,"enemies":"Book of Stabbing","floor":27.0,"turns":6.0},{"damage":20.0,"enemies":"Snake Plant","floor":28.0,"turns":6.0},{"damage":13.0,"enemies":"Shelled Parasite and Fungi","floor":30.0,"turns":5.0},{"damage":29.0,"enemies":"Automaton","floor":33.0,"turns":12.0},{"damage":15.0,"enemies":"Orb Walker","floor":35.0,"turns":5.0},{"damage":21.0,"enemies":"3 Darklings","floor":37.0,"turns":7.0},{"damage":24.0,"enemies":"Maw","floor":38.0,"turns":9.0},{"damage":3.0,"enemies":"Jaw Worm Horde","floor":41.0,"turns":6.0},{"damage":61.0,"enemies":"Reptomancer","floor":44.0,"turns":7.0},{"damage":2,"enemies":"Transient","floor":48,"turns":5},{"damage":19,"enemies":"Awakened One","floor":50,"turns":15}],"seed_played":"3633859858850675923","potions_obtained":[{"floor":1.0,"key":"ColorlessPotion"},{"floor":4.0,"key":"SpeedPotion"},{"floor":7.0,"key":"Explosive Potion"},{"floor":16.0,"key":"PotionOfCapacity"},{"floor":18.0,"key":"DuplicationPotion"},{"floor":27.0,"key":"FocusPotion"},{"floor":33.0,"key":"Energy Potion"},{"floor":37.0,"key":"Block Potion"},{"floor":41.0,"key":"CultistPotion"},{"floor":48,"key":"EssenceOfSteel"}],"is_trial":false,"path_per_floor":["M","?","T","M","M","R","E","R","T","M","R","E","?","E","R","B",null,"M","?","M","$","T","R","M","$","T","E","M","R","M","$","R","B",null,"M","?","M","M","T","R","M","?","T","E","$","?","R","M","R","B",null],"character_chosen":"DEFECT","items_purchased":["Centennial Puzzle","Leap","Cold Snap","Toy Ornithopter","Creative AI","FTL","CultistPotion","LiquidBronze"],"campfire_rested":6,"item_purchase_floors":[21,21,21,21,25,31,45,45],"current_hp_per_floor":[63,63,63,56,56,56,26,47,47,36,57,34,34,6,36,6,62,31,78,62,62,62,74,60,60,60,42,22,60,47,47,62,38,68,53,53,42,23,23,64,61,77,77,17,17,17,35,33,74,64],"gold":19,"neow_bonus":"RANDOM_COMMON_RELIC","is_prod":false,"is_daily":false,"chose_seed":false,"campfire_upgraded":4,"win_rate":0,"timestamp":1674882364,"path_taken":["M","?","?","M","M","R","E","R","T","?","R","E","?","E","R","BOSS","M","?","M","$","?","R","M","?","T","E","M","R","M","$","R","BOSS","M","?","M","?","?","R","M","?","T","E","$","?","R","M","R","BOSS"],"build_version":"2022-12-18","purchased_purges":3,"victory":true,"max_hp_per_floor":[71,71,71,71,71,71,71,71,71,71,71,71,71,71,71,71,78,78,78,78,78,78,78,78,78,78,78,78,78,78,78,78,78,78,78,78,78,78,78,78,78,78,78,78,78,78,78,78,78,78],"relic_stats":{"Calipers":[99],"Gremlin Horn":[19,19],"counters":[22,143],"Eternal Feather":105,"The Courier":198,"Omamori":1,"Ancient Tea Set":[20],"Smiling Mask":90,"Centennial Puzzle":[36],"Bottled Flame":"Melter","Ornamental Fan":[56],"Bronze Scales":[438],"Tiny Chest":2,"Bottled Lightning":"Glacier","obtain_stats":[{"Calipers":17,"Gremlin Horn":7,"Eternal Feather":12,"The Courier":17,"Omamori":27,"Ancient Tea Set":0,"Smiling Mask":14,"Nuclear Battery":34,"Calling Bell":17,"Du-Vu Doll":44,"Centennial Puzzle":21,"Bottled Flame":22,"DataDisk":43,"Ornamental Fan":39,"Bronze Scales":9,"Strawberry":17,"Tiny Chest":3,"Bottled Lightning":26,"Cracked Core":0,"Toy Ornithopter":21},{"Calipers":8,"Gremlin Horn":4,"Eternal Feather":6,"The Courier":8,"Omamori":12,"Ancient Tea Set":0,"Smiling Mask":7,"Nuclear Battery":15,"Calling Bell":8,"Du-Vu Doll":20,"Centennial Puzzle":10,"Bottled Flame":10,"DataDisk":19,"Ornamental Fan":18,"Bronze Scales":4,"Strawberry":8,"Tiny Chest":1,"Bottled Lightning":11,"Cracked Core":0,"Toy Ornithopter":10},{"Calipers":40,"Gremlin Horn":18,"Eternal Feather":28,"The Courier":40,"Omamori":66,"Ancient Tea Set":0,"Smiling Mask":32,"Nuclear Battery":89,"Calling Bell":40,"Du-Vu Doll":123,"Centennial Puzzle":49,"Bottled Flame":49,"DataDisk":116,"Ornamental Fan":110,"Bronze Scales":18,"Strawberry":40,"Tiny Chest":4,"Bottled Lightning":60,"Cracked Core":0,"Toy Ornithopter":49}],"Toy Ornithopter":35},"card_choices":[{"not_picked":["Steam","Gash"],"picked":"Loop","floor":1.0},{"not_picked":["Barrage","Double Energy"],"picked":"Gash","floor":4.0},{"not_picked":["Stack","Tempest"],"picked":"Rebound","floor":5.0},{"not_picked":["Redo","Compile Driver"],"picked":"Melter","floor":7.0},{"not_picked":["Leap","Tempest"],"picked":"Reinforced Body","floor":10.0},{"not_picked":["Fusion","Turbo"],"picked":"Static Discharge","floor":12.0},{"not_picked":["Scrape","Rebound"],"picked":"Go for the Eyes","floor":14.0},{"not_picked":["Meteor Strike","Hyperbeam"],"picked":"Multi-Cast","floor":16.0},{"not_picked":["Turbo","Beam Cell"],"picked":"BootSequence+1","floor":18.0},{"not_picked":["Conserve Battery","BootSequence"],"picked":"Glacier","floor":20.0},{"not_picked":["Chaos","Fusion"],"picked":"Compile Driver","floor":24.0},{"not_picked":["Conserve Battery","Rebound"],"picked":"Gash+1","floor":27.0},{"not_picked":["Recycle","Barrage"],"picked":"Gash+1","floor":28.0},{"not_picked":["Chaos","Rip and Tear"],"picked":"Undo","floor":30.0},{"not_picked":["Buffer","Amplify"],"picked":"Fission","floor":33.0},{"not_picked":["Conserve Battery","Hologram"],"picked":"Ball Lightning+1","floor":35.0},{"not_picked":["Rebound","Rip and Tear"],"picked":"Chill","floor":37.0},{"not_picked":["Self Repair","Storm"],"picked":"Coolheaded+1","floor":38.0},{"not_picked":["Heatsinks","Redo"],"picked":"Stack","floor":41.0},{"not_picked":["Machine Learning","Self Repair"],"picked":"Gash+1","floor":44.0},{"not_picked":["Gash","Sunder"],"picked":"FTL+1","floor":48}],"player_experience":5469338,"relics_obtained":[{"floor":3.0,"key":"Tiny Chest"},{"floor":7.0,"key":"Gremlin Horn"},{"floor":9.0,"key":"Bronze Scales"},{"floor":12.0,"key":"Eternal Feather"},{"floor":14.0,"key":"Smiling Mask"},{"floor":17.0,"key":"Strawberry"},{"floor":17.0,"key":"The Courier"},{"floor":17.0,"key":"Calipers"},{"floor":22.0,"key":"Bottled Flame"},{"floor":26.0,"key":"Bottled Lightning"},{"floor":27.0,"key":"Omamori"},{"floor":39.0,"key":"Ornamental Fan"},{"floor":43.0,"key":"DataDisk"},{"floor":44.0,"key":"Du-Vu Doll"}],"event_choices":[{"damage_healed":0.0,"max_hp_gain":0.0,"max_hp_loss":0.0,"gold_gain":0.0,"event_name":"Golden Wing","player_choice":"Ignored","floor":2.0,"gold_loss":0.0,"damage_taken":0.0},{"damage_healed":0.0,"max_hp_gain":0.0,"max_hp_loss":0.0,"gold_gain":0.0,"event_name":"Scrap Ooze","player_choice":"Fled","floor":13.0,"gold_loss":0.0,"damage_taken":0.0},{"damage_healed":47.0,"max_hp_gain":0.0,"max_hp_loss":0.0,"gold_gain":0.0,"event_name":"Wheel of Change","player_choice":"Full Heal","floor":19.0,"gold_loss":0.0,"damage_taken":0.0},{"damage_healed":0.0,"max_hp_gain":0.0,"max_hp_loss":0.0,"gold_gain":0.0,"event_name":"Lab","player_choice":"Got Potions","floor":36.0,"gold_loss":0.0,"damage_taken":0.0},{"damage_healed":16.0,"max_hp_gain":0.0,"max_hp_loss":0.0,"gold_gain":0.0,"event_name":"Winding Halls","player_choice":"Writhe","floor":42.0,"gold_loss":0.0,"damage_taken":0.0,"cards_obtained":["Writhe"]},{"cards_removed":["Rebound"],"damage_healed":0,"gold_gain":0,"player_choice":"Removed Attack","damage_taken":0,"max_hp_gain":0,"max_hp_loss":0,"event_name":"Falling","floor":46,"gold_loss":0}],"is_beta":false,"boss_relics":[{"not_picked":["Runic Pyramid","Busted Crown"],"picked":"Calling Bell"},{"not_picked":["Astrolabe","Sozu"],"picked":"Nuclear Battery"}],"items_purged_floors":[21,25,45],"is_endless":false,"potions_floor_spawned":[1,4,7,16,18,27,33,37,41,48],"ascension_level":15}