{"gold_per_floor":[110,127,147,72,72,72,83,97,174,174,99,130,142,161,161,239,239,253,253,253,273,174,174,190,218,243,243,114,134,154,174,174,250,250,269,269,269,281,298,298,325,325,325,359,359,359,25,25,25,25],"floor_reached":51,"playtime":2089,"items_purged":["Strike_B"],"score":1391,"play_id":"00afeb8f-da4c-47df-9fb6-4eca95c4d723","local_time":"20230204165139","is_ascension_mode":true,"campfire_choices":[{"data":"Zap","floor":6.0,"key":"SMITH"},{"data":"White Noise","floor":10.0,"key":"SMITH"},{"data":"Sweeping Beam","floor":15.0,"key":"SMITH"},{"data":"Fission","floor":23.0,"key":"SMITH"},{"floor":27.0,"key":"REST"},{"data":"Loop","floor":32.0,"key":"SMITH"},{"data":"Biased Cognition","floor":40.0,"key":"SMITH"},{"floor":42.0,"key":"REST"},{"floor":46.0,"key":"REST"},{"floor":49.0,"key":"REST"}],"neow_cost":"NONE","seed_source_timestamp":26291227439800,"circlet_count":0,"master_deck":["AscendersBane","Strike_B+1","Defend_B+1","Defend_B+1","Defend_B+1","Defend_B+1","Zap+1","White Noise+1","Conserve Battery+1","Compile Driver+1","Rebound+1","Core Surge+1","Sweeping Beam+1","Darkness+1","Hologram+1","Fission+1","CurseOfTheBell","Ball Lightning+1","Chaos+1","Biased Cognition+1","Glacier+1","Loop+1","Glacier+1","Electrodynamics+1","Conserve Battery+1","Recycle+1","Redo+1","Capacitor+1","Force Field+1"],"special_seed":0,"relics":["FrozenCore","Cables","Thread and Needle","Calling Bell","Boot","Mercury Hourglass","Mango","Orichalcum","Bag of Marbles","Blood Vial","Torii","Pen Nib","Runic Capacitor","Mark of the Bloom"],"potions_floor_usage":[50],"damage_taken":[{"damage":7.0,"enemies":"Small Slimes","floor":1.0,"turns":3.0},{"damage":9.0,"enemies":"Jaw Worm","floor":2.0,"turns":4.0},{"damage":0.0,"enemies":"2 Louse","floor":3.0,"turns":3.0},{"damage":0.0,"enemies":"Blue Slaver","floor":7.0,"turns":3.0},{"damage":0.0,"enemies":"Large Slime","floor":8.0,"turns":4.0},{"damage":25.0,"enemies":"3 Sentries","floor":12.0,"turns":8.0},{"damage":0.0,"enemies":"Looter","floor":13.0,"turns":3.0},{"damage":6.0,"enemies":"3 Louse","floor":14.0,"turns":2.0},{"damage":0.0,"enemies":"Slime Boss","floor":16.0,"turns":4.0},{"damage":6.0,"enemies":"2 Thieves","floor":18.0,"turns":3.0},{"damage":2.0,"enemies":"Shell Parasite","floor":21.0,"turns":7.0},{"damage":1.0,"enemies":"Shelled Parasite and Fungi","floor":24.0,"turns":4.0},{"damage":32.0,"enemies":"Slavers","floor":25.0,"turns":5.0},{"damage":0.0,"enemies":"Chosen and Byrds","floor":29.0,"turns":3.0},{"damage":0.0,"enemies":"Snecko","floor":30.0,"turns":5.0},{"damage":0.0,"enemies":"Cultist and Chosen","floor":31.0,"turns":4.0},{"damage":6.0,"enemies":"Champ","floor":33.0,"turns":10.0},{"damage":4.0,"enemies":"3 Shapes","floor":35.0,"turns":3.0},{"damage":5.0,"enemies":"3 Darklings","floor":38.0,"turns":2.0},{"damage":0.0,"enemies":"4 Shapes","floor":39.0,"turns":4.0},{"damage":52.0,"enemies":"Reptomancer","floor":41.0,"turns":8.0},{"damage":10.0,"enemies":"Nemesis","floor":44.0,"turns":9.0},{"damage":28,"enemies":"Awakened One","floor":50,"turns":23}],"seed_played":"-3553938839006248378","potions_obtained":[{"floor":3.0,"key":"LiquidMemories"},{"floor":8.0,"key":"Swift Potion"},{"floor":13.0,"key":"Fire Potion"},{"floor":39.0,"key":"SkillPotion"}],"is_trial":false,"path_per_floor":["M","M","M","?","?","R","M","M","T","R","$","E","M","M","R","B",null,"M","?","?","M","$","R","M","E","T","R","$","M","M","M","R","B",null,"M","?","?","M","M","R","E","R","T","E","?","R","$","?","R","B",null],"character_chosen":"DEFECT","items_purchased":["FocusPotion","AttackPotion","Glacier","Block Potion","Runic Capacitor","DistilledChaos","Capacitor","Force Field"],"campfire_rested":4,"item_purchase_floors":[22,22,28,28,47,47,47,47],"current_hp_per_floor":[64,55,55,55,48,48,48,48,48,48,48,23,23,17,17,17,77,71,71,71,69,69,69,68,36,36,63,63,63,63,63,63,57,83,79,79,79,74,74,74,22,49,49,41,41,68,68,68,68,40],"gold":25,"neow_bonus":"TEN_PERCENT_HP_BONUS","is_prod":false,"is_daily":false,"chose_seed":false,"campfire_upgraded":6,"win_rate":0,"timestamp":1675558299,"path_taken":["M","M","M","?","?","R","M","M","T","R","$","E","M","M","R","BOSS","M","?","?","M","?","R","M","E","T","R","$","M","M","M","R","BOSS","M","?","?","M","M","R","E","R","T","E","?","R","$","?","R","BOSS"],"build_version":"2022-12-18","purchased_purges":1,"victory":true,"max_hp_per_floor":[78,78,78,78,78,78,78,78,78,78,78,78,78,78,78,78,92,92,92,92,92,92,92,92,92,92,92,92,92,92,92,92,92,92,92,92,92,92,92,92,92,92,92,92,92,92,92,92,92,92],"relic_stats":{"Blood Vial":2,"Mark of the Bloom":29,"Torii":0,"counters":[23,122],"Pen Nib":[1],"Orichalcum":[60],"Boot":[14],"obtain_stats":[{"Mark of the Bloom":48,"Torii":43,"Thread and Needle":12,"Mango":17,"Pen Nib":44,"Runic Capacitor":47,"Orichalcum":25,"Boot":17,"Cables":9,"Mercury Hourglass":17,"FrozenCore":34,"Calling Bell":17,"Blood Vial":41,"Bag of Marbles":26,"Cracked Core":0},{"Mark of the Bloom":22,"Torii":21,"Thread and Needle":6,"Mango":9,"Pen Nib":22,"Runic Capacitor":22,"Orichalcum":13,"Boot":9,"Cables":5,"Mercury Hourglass":9,"FrozenCore":17,"Calling Bell":9,"Blood Vial":21,"Bag of Marbles":13,"Cracked Core":0},{"Mark of the Bloom":99,"Torii":90,"Thread and Needle":25,"Mango":34,"Pen Nib":99,"Runic Capacitor":99,"Orichalcum":53,"Boot":34,"Cables":17,"Mercury Hourglass":34,"FrozenCore":75,"Calling Bell":34,"Blood Vial":90,"Bag of Marbles":53,"Cracked Core":0}],"FrozenCore":[9],"Cables":[95,56,25,14,0],"Mercury Hourglass":[324]},"card_choices":[{"not_picked":["Barrage","Recycle"],"picked":"White Noise","floor":1.0},{"not_picked":["BootSequence","Stack"],"picked":"Conserve Battery","floor":2.0},{"not_picked":["Hello World","Go for the Eyes"],"picked":"Compile Driver","floor":3.0},{"not_picked":["Heatsinks","Leap"],"picked":"Rebound","floor":7.0},{"not_picked":["Blizzard","Conserve Battery"],"picked":"Core Surge","floor":8.0},{"not_picked":["Redo","White Noise"],"picked":"Sweeping Beam","floor":12.0},{"not_picked":["Beam Cell","Steam"],"picked":"Darkness","floor":13.0},{"not_picked":["Stack","Redo"],"picked":"Hologram","floor":14.0},{"not_picked":["Reboot","Amplify"],"picked":"Fission","floor":16.0},{"not_picked":["Leap","Compile Driver"],"picked":"Ball Lightning+1","floor":18.0},{"not_picked":["Hologram","Compile Driver"],"picked":"Chaos+1","floor":21.0},{"not_picked":["Redo","Lockon","Steam"],"picked":"SKIP","floor":24.0},{"not_picked":["Conserve Battery","Beam Cell"],"picked":"Biased Cognition","floor":25.0},{"not_picked":["Ball Lightning","Reprogram","Steam"],"picked":"SKIP","floor":29.0},{"not_picked":["Sweeping Beam","Stack+1"],"picked":"Loop","floor":30.0},{"not_picked":["Doom and Gloom","Turbo"],"picked":"Glacier+1","floor":31.0},{"not_picked":["Fission","Buffer"],"picked":"Electrodynamics","floor":33.0},{"not_picked":["Cold Snap+1","Hologram"],"picked":"Conserve Battery+1","floor":35.0},{"not_picked":["Melter","Stack","Streamline"],"picked":"SKIP","floor":38.0},{"not_picked":["Heatsinks","Ball Lightning"],"picked":"Recycle","floor":39.0},{"not_picked":["Scrape+1","Barrage"],"picked":"Redo+1","floor":41.0},{"not_picked":["Sweeping Beam","Gash","Sunder"],"picked":"SKIP","floor":44.0}],"player_experience":5487720,"relics_obtained":[{"floor":9.0,"key":"Cables"},{"floor":12.0,"key":"Thread and Needle"},{"floor":17.0,"key":"Boot"},{"floor":17.0,"key":"Mercury Hourglass"},{"floor":17.0,"key":"Mango"},{"floor":25.0,"key":"Orichalcum"},{"floor":26.0,"key":"Bag of Marbles"},{"floor":41.0,"key":"Blood Vial"},{"floor":43.0,"key":"Torii"},{"floor":44.0,"key":"Pen Nib"}],"event_choices":[{"cards_removed":["Strike_B"],"damage_healed":0.0,"max_hp_gain":0.0,"max_hp_loss":0.0,"gold_gain":0.0,"event_name":"The Cleric","player_choice":"Card Removal","floor":4.0,"gold_loss":75.0,"damage_taken":0.0},{"cards_removed":["Strike_B"],"damage_healed":0.0,"max_hp_gain":0.0,"max_hp_loss":0.0,"gold_gain":0.0,"event_name":"Golden Wing","player_choice":"Card Removal","floor":5.0,"gold_loss":0.0,"damage_taken":7.0},{"damage_healed":0.0,"max_hp_gain":0.0,"max_hp_loss":0.0,"gold_gain":0.0,"event_name":"Vampires","player_choice":"Ignored","floor":19.0,"gold_loss":0.0,"damage_taken":0.0},{"damage_healed":0.0,"max_hp_gain":0.0,"max_hp_loss":0.0,"gold_gain":0.0,"event_name":"Back to Basics","player_choice":"Simplicity","floor":20.0,"gold_loss":0.0,"damage_taken":0.0,"cards_upgraded":["Strike_B","Defend_B","Defend_B","Defend_B","Defend_B"]},{"cards_removed":["Dualcast"],"damage_healed":0.0,"max_hp_gain":0.0,"max_hp_loss":0.0,"gold_gain":0.0,"event_name":"Falling","player_choice":"Removed Skill","floor":36.0,"gold_loss":0.0,"damage_taken":0.0},{"damage_healed":0.0,"max_hp_gain":0.0,"max_hp_loss":0.0,"gold_gain":0.0,"event_name":"Tomb of Lord Red Mask","player_choice":"Ignored","floor":37.0,"gold_loss":0.0,"damage_taken":0.0},{"damage_healed":0.0,"max_hp_gain":0.0,"max_hp_loss":0.0,"gold_gain":0.0,"event_name":"Mysterious Sphere","player_choice":"Ignored","floor":45.0,"gold_loss":0.0,"damage_taken":0.0},{"damage_healed":0.0,"max_hp_gain":0.0,"max_hp_loss":0.0,"gold_gain":0.0,"event_name":"MindBloom","player_choice":"Upgrade","floor":48.0,"gold_loss":0.0,"damage_taken":0.0,"cards_upgraded":["Conserve Battery","Compile Driver","Rebound","Core Surge","Darkness","Hologram","Glacier","Electrodynamics","Recycle","Capacitor","Force Field"],"relics_obtained":["Mark of the Bloom"]}],"is_beta":false,"boss_relics":[{"not_picked":["Busted Crown","Coffee Dripper"],"picked":"Calling Bell"},{"not_picked":["Pandora\u0027s Box","Snecko Eye"],"picked":"FrozenCore"}],"items_purged_floors":[11],"is_endless":false,"potions_floor_spawned":[3,8,13,24,29,31,39],"ascension_level":15}