{"gold_per_floor":[214,46,61,75,75,106,106,106,132,145,155,182,332,367,367,440,440,460,344,344,259,277,309,309,309,309,326,353,388,388,184,184,255,255,267,489,507,232,251,251,281,281,281,5,19,19,54,74,74,74],"floor_reached":51,"playtime":2393,"items_purged":["Doubt","Shame","Creative AI","Pain"],"score":1502,"play_id":"0473af92-c7d8-4b6a-acb0-660eddbf3591","local_time":"20230201232508","is_ascension_mode":true,"campfire_choices":[{"floor":8.0,"key":"REST"},{"data":"Zap","floor":15.0,"key":"SMITH"},{"floor":24.0,"key":"REST"},{"floor":30.0,"key":"REST"},{"data":"Defragment","floor":32.0,"key":"SMITH"},{"floor":40.0,"key":"REST"},{"data":"Go for the Eyes","floor":46,"key":"SMITH"},{"floor":49,"key":"REST"}],"neow_cost":"NONE","seed_source_timestamp":568057016990900,"circlet_count":0,"master_deck":["AscendersBane","Strike_B","Strike_B","Defend_B+1","Defend_B","Defend_B","Defend_B","Zap+1","Dualcast+1","Hologram+1","Streamline","Cold Snap+1","Reboot","Go for the Eyes+1","Leap","Biased Cognition","Cold Snap","Skim","Cold Snap","Cold Snap","Chaos","Defragment+1","Skim","Ball Lightning","Compile Driver","Machine Learning","CurseOfTheBell","Defragment+1","Chill+1","Force Field","Barrage"],"special_seed":0,"relics":["Cracked Core","Runic Capacitor","Strawberry","DataDisk","Happy Flower","Centennial Puzzle","Boot","Cursed Key","Nilry\u0027s Codex","Du-Vu Doll","Bag of Preparation","War Paint","PreservedInsect","Red Mask","Calling Bell","Lantern","Frozen Egg 2","Dead Branch","Oddly Smooth Stone","Torii","WarpedTongs","The Courier"],"potions_floor_usage":[50],"damage_taken":[{"damage":1.0,"enemies":"Cultist","floor":1.0,"turns":4.0},{"damage":0.0,"enemies":"2 Louse","floor":3.0,"turns":1.0},{"damage":2.0,"enemies":"Jaw Worm","floor":4.0,"turns":3.0},{"damage":19.0,"enemies":"3 Sentries","floor":6.0,"turns":8.0},{"damage":0.0,"enemies":"Exordium Thugs","floor":10.0,"turns":4.0},{"damage":7.0,"enemies":"3 Louse","floor":11.0,"turns":3.0},{"damage":5.0,"enemies":"Lagavulin","floor":14.0,"turns":6.0},{"damage":13.0,"enemies":"Hexaghost","floor":16.0,"turns":9.0},{"damage":0.0,"enemies":"Spheric Guardian","floor":18.0,"turns":3.0},{"damage":0.0,"enemies":"Shell Parasite","floor":22.0,"turns":6.0},{"damage":27.0,"enemies":"Slavers","floor":23.0,"turns":6.0},{"damage":11.0,"enemies":"Shelled Parasite and Fungi","floor":27.0,"turns":5.0},{"damage":8.0,"enemies":"Book of Stabbing","floor":28.0,"turns":5.0},{"damage":8.0,"enemies":"Masked Bandits","floor":29.0,"turns":4.0},{"damage":9.0,"enemies":"Champ","floor":33.0,"turns":18.0},{"damage":0.0,"enemies":"Orb Walker","floor":35.0,"turns":3.0},{"damage":1.0,"enemies":"3 Darklings","floor":37.0,"turns":7.0},{"damage":17.0,"enemies":"Maw","floor":39.0,"turns":6.0},{"damage":12.0,"enemies":"Reptomancer","floor":41.0,"turns":7.0},{"damage":0,"enemies":"Jaw Worm Horde","floor":45,"turns":4},{"damage":0,"enemies":"Giant Head","floor":47,"turns":7},{"damage":1,"enemies":"Transient","floor":48,"turns":5},{"damage":0,"enemies":"Awakened One","floor":50,"turns":13}],"seed_played":"5977366927967467702","potions_obtained":[{"floor":1.0,"key":"Dexterity Potion"},{"floor":3.0,"key":"Dexterity Potion"},{"floor":6.0,"key":"Dexterity Potion"},{"floor":14.0,"key":"Regen Potion"},{"floor":27.0,"key":"BlessingOfTheForge"},{"floor":29.0,"key":"DistilledChaos"},{"floor":33.0,"key":"ColorlessPotion"},{"floor":35.0,"key":"PowerPotion"},{"floor":47,"key":"FocusPotion"}],"is_trial":false,"path_per_floor":["M","$","M","M","?","E","?","R","T","M","M","T","?","E","R","B",null,"M","$","?","?","M","E","R","?","T","M","E","?","R","$","R","B",null,"M","?","M","$","M","R","E","?","T","$","M","R","E","M","R","B",null],"character_chosen":"DEFECT","items_purchased":["Runic Capacitor","Streamline","Skim","CultistPotion","Oddly Smooth Stone","Dexterity Potion","Force Field"],"campfire_rested":5,"item_purchase_floors":[2,2,19,31,38,44,44],"current_hp_per_floor":[63,63,63,61,57,38,15,38,38,38,31,31,31,26,26,13,62,62,62,41,41,56,29,52,52,52,41,33,25,48,48,48,39,68,68,68,67,67,50,73,61,61,61,61,61,61,61,60,78,78],"gold":74,"neow_bonus":"HUNDRED_GOLD","is_prod":false,"is_daily":false,"chose_seed":false,"campfire_upgraded":3,"win_rate":0,"timestamp":1675322708,"path_taken":["M","$","M","M","?","E","?","R","T","M","?","?","?","E","R","BOSS","M","$","?","?","?","E","R","?","T","M","E","?","R","$","R","BOSS","M","?","M","$","M","R","E","?","T","$","?","R","E","M","R","BOSS"],"build_version":"2022-12-18","purchased_purges":4,"victory":true,"max_hp_per_floor":[71,71,71,71,78,78,78,78,78,78,78,78,78,78,78,78,78,78,78,78,78,78,78,78,78,78,78,78,78,78,78,78,78,78,78,78,78,78,78,78,78,78,78,78,78,78,78,78,78,78],"relic_stats":{"Happy Flower":[40],"Torii":1,"counters":[23,137],"Nilry\u0027s Codex":[13,31,22,19],"Dead Branch":[28],"PreservedInsect":193,"The Courier":0,"Bag of Preparation":[24],"War Paint":["Hologram","Dualcast"],"Boot":[43],"Cursed Key":1,"WarpedTongs":[29],"Centennial Puzzle":[33],"obtain_stats":[{"Lantern":34,"Happy Flower":9,"Torii":41,"Nilry\u0027s Codex":20,"Dead Branch":34,"Oddly Smooth Stone":38,"PreservedInsect":28,"The Courier":47,"Runic Capacitor":2,"Bag of Preparation":23,"War Paint":26,"Frozen Egg 2":34,"Boot":14,"Cursed Key":17,"WarpedTongs":42,"Du-Vu Doll":21,"Calling Bell":34,"DataDisk":6,"Centennial Puzzle":12,"Strawberry":5,"Red Mask":29,"Cracked Core":0},{"Lantern":15,"Happy Flower":4,"Torii":19,"Nilry\u0027s Codex":9,"Dead Branch":15,"Oddly Smooth Stone":17,"PreservedInsect":13,"The Courier":21,"Runic Capacitor":1,"Bag of Preparation":11,"War Paint":11,"Frozen Egg 2":15,"Boot":7,"Cursed Key":8,"WarpedTongs":19,"Du-Vu Doll":9,"Calling Bell":15,"DataDisk":4,"Centennial Puzzle":6,"Strawberry":3,"Red Mask":14,"Cracked Core":0},{"Lantern":85,"Happy Flower":16,"Torii":108,"Nilry\u0027s Codex":41,"Dead Branch":85,"Oddly Smooth Stone":95,"PreservedInsect":63,"The Courier":119,"Runic Capacitor":4,"Bag of Preparation":53,"War Paint":53,"Frozen Egg 2":85,"Boot":29,"Cursed Key":38,"WarpedTongs":108,"Du-Vu Doll":41,"Calling Bell":85,"DataDisk":16,"Centennial Puzzle":23,"Strawberry":8,"Red Mask":67,"Cracked Core":0}]},"card_choices":[{"not_picked":["Fusion","BootSequence"],"picked":"Hologram","floor":1.0},{"not_picked":["Rip and Tear","White Noise"],"picked":"Cold Snap","floor":3.0},{"not_picked":["Redo","Hologram"],"picked":"Reboot","floor":4.0},{"not_picked":["Beam Cell","Streamline","Reprogram"],"picked":"SKIP","floor":6.0},{"not_picked":["Hologram","Steam"],"picked":"Go for the Eyes","floor":10.0},{"not_picked":["Gash","Redo"],"picked":"Leap","floor":11.0},{"not_picked":["Force Field","Streamline"],"picked":"Creative AI","floor":14.0},{"not_picked":["Rainbow","Buffer"],"picked":"Biased Cognition","floor":16.0},{"not_picked":["Stack","Redo"],"picked":"Cold Snap","floor":18.0},{"not_picked":["Conserve Battery","Beam Cell"],"picked":"Cold Snap","floor":22.0},{"not_picked":["Auto Shields","Recycle"],"picked":"Cold Snap","floor":23.0},{"not_picked":["Creative AI","Aggregate"],"picked":"Skim","floor":27.0},{"not_picked":["Go for the Eyes+1","Coolheaded"],"picked":"Ball Lightning","floor":28.0},{"not_picked":["Go for the Eyes","Cold Snap+1"],"picked":"Compile Driver","floor":29.0},{"not_picked":["Thunder Strike","Hyperbeam"],"picked":"Machine Learning","floor":33.0},{"not_picked":["Conserve Battery","Beam Cell","Reprogram+1"],"picked":"SKIP","floor":35.0},{"not_picked":["Heatsinks+1","Undo"],"picked":"Defragment+1","floor":37.0},{"not_picked":["Turbo","Steam","Consume"],"picked":"SKIP","floor":39.0},{"not_picked":["Beam Cell+1","Recycle"],"picked":"Chill+1","floor":41.0},{"not_picked":["Sweeping Beam","Go for the Eyes"],"picked":"Barrage","floor":45},{"not_picked":["Compile Driver","Go for the Eyes","All For One"],"picked":"SKIP","floor":47},{"not_picked":["Go for the Eyes","Auto Shields+1","Double Energy"],"picked":"SKIP","floor":48}],"player_experience":5475435,"relics_obtained":[{"floor":6.0,"key":"DataDisk"},{"floor":9.0,"key":"Happy Flower"},{"floor":12.0,"key":"Centennial Puzzle"},{"floor":14.0,"key":"Boot"},{"floor":20.0,"key":"Nilry\u0027s Codex"},{"floor":23.0,"key":"Bag of Preparation"},{"floor":26.0,"key":"War Paint"},{"floor":28.0,"key":"PreservedInsect"},{"floor":29.0,"key":"Red Mask"},{"floor":34.0,"key":"Lantern"},{"floor":34.0,"key":"Frozen Egg 2"},{"floor":34.0,"key":"Dead Branch"},{"floor":41.0,"key":"Torii"},{"floor":47,"key":"The Courier"}],"event_choices":[{"damage_healed":0.0,"max_hp_gain":0.0,"max_hp_loss":0.0,"gold_gain":0.0,"event_name":"Scrap Ooze","player_choice":"Success","floor":5.0,"gold_loss":0.0,"damage_taken":11.0,"relics_obtained":["Strawberry"]},{"damage_healed":0.0,"max_hp_gain":0.0,"max_hp_loss":0.0,"gold_gain":0.0,"event_name":"Shining Light","player_choice":"Entered Light","floor":7.0,"gold_loss":0.0,"damage_taken":23.0,"cards_upgraded":["Defend_B","Cold Snap"]},{"damage_healed":0.0,"max_hp_gain":0.0,"max_hp_loss":0.0,"gold_gain":150.0,"event_name":"Liars Game","player_choice":"AGREE","floor":13.0,"gold_loss":0.0,"damage_taken":0.0,"cards_obtained":["Doubt"]},{"damage_healed":0.0,"max_hp_gain":0.0,"max_hp_loss":0.0,"gold_gain":0.0,"event_name":"Cursed Tome","player_choice":"Obtained Book","floor":20.0,"gold_loss":0.0,"damage_taken":21.0},{"damage_healed":0.0,"max_hp_gain":0.0,"max_hp_loss":0.0,"gold_gain":0.0,"event_name":"Addict","player_choice":"Obtained Relic","floor":21.0,"gold_loss":85.0,"damage_taken":0.0,"relics_obtained":["Du-Vu Doll"]},{"damage_healed":0.0,"max_hp_gain":0.0,"max_hp_loss":0.0,"gold_gain":0.0,"cards_transformed":["Strike_B","Strike_B"],"event_name":"Drug Dealer","player_choice":"Became Test Subject","floor":25.0,"gold_loss":0.0,"damage_taken":0.0,"cards_obtained":["Chaos","Defragment"]},{"damage_healed":0.0,"max_hp_gain":0.0,"max_hp_loss":0.0,"gold_gain":0.0,"event_name":"Masked Bandits","player_choice":"Fought Bandits","floor":29.0,"gold_loss":0.0,"damage_taken":0.0},{"damage_healed":0.0,"max_hp_gain":0.0,"max_hp_loss":0.0,"gold_gain":222.0,"event_name":"Tomb of Lord Red Mask","player_choice":"Wore Mask","floor":36.0,"gold_loss":0.0,"damage_taken":0.0},{"damage_healed":0.0,"max_hp_gain":0.0,"max_hp_loss":0.0,"gold_gain":0.0,"event_name":"Accursed Blacksmith","player_choice":"Rummage","floor":42.0,"gold_loss":0.0,"damage_taken":0.0,"relics_obtained":["WarpedTongs"],"cards_obtained":["Pain"]}],"is_beta":false,"boss_relics":[{"not_picked":["SlaversCollar","Ectoplasm"],"picked":"Cursed Key"},{"not_picked":["Nuclear Battery","Runic Dome"],"picked":"Calling Bell"}],"items_purged_floors":[19,31,38,44],"is_endless":false,"potions_floor_spawned":[1,3,6,14,16,27,29,33,35,39,45,47],"ascension_level":15}