{"gold_per_floor":[118,133,144,144,159,185,110,126,126,126,157,157,187,207,207,285,285,298,298,298,122,133,133,166,166,191,191,222,235,252,264,264,340,340,357,357,29,54,68,68,100,112,165,191,202,228,0,10,10,10],"floor_reached":51,"playtime":2386,"items_purged":["Pain","Strike_B","Reprogram+1"],"score":1532,"play_id":"0e359e09-08b4-488e-aed7-25b54c34a2d0","local_time":"20230207181002","is_ascension_mode":true,"campfire_choices":[{"floor":10.0,"key":"REST"},{"data":"Defragment","floor":12.0,"key":"SMITH"},{"data":"Zap","floor":15.0,"key":"SMITH"},{"data":"Doom and Gloom","floor":23.0,"key":"SMITH"},{"data":"Buffer","floor":25.0,"key":"SMITH"},{"data":"Loop","floor":32.0,"key":"SMITH"},{"data":"Coolheaded","floor":40,"key":"SMITH"},{"data":"Heatsinks","floor":49,"key":"SMITH"}],"neow_cost":"NONE","seed_source_timestamp":16759095206200,"circlet_count":0,"master_deck":["AscendersBane","Defend_B","Defend_B","Defend_B","Defend_B","Zap+1","Dualcast","Genetic Algorithm","Coolheaded+1","Defragment+1","Ball Lightning+1","Self Repair","Doom and Gloom+1","Cold Snap+1","Machine Learning","Buffer+1","Compile Driver+1","Loop+1","Echo Form","Redo+1","All For One+1","Compile Driver+1","Heatsinks+1","Force Field+1","Turbo+1","Stack+1"],"special_seed":0,"relics":["Cracked Core","WarpedTongs","Sundial","Letter Opener","TungstenRod","Bottled Tornado","Nuclear Battery","Regal Pillow","Whetstone","Boot","Astrolabe","Runic Capacitor","Ice Cream","Toxic Egg 2","Blood Vial","Juzu Bracelet","Bottled Lightning","Red Mask"],"potions_floor_usage":[41,42,50,50],"damage_taken":[{"damage":1.0,"enemies":"Cultist","floor":1.0,"turns":3.0},{"damage":0.0,"enemies":"2 Louse","floor":2.0,"turns":3.0},{"damage":0.0,"enemies":"Small Slimes","floor":3.0,"turns":3.0},{"damage":8.0,"enemies":"Looter","floor":5.0,"turns":2.0},{"damage":32.0,"enemies":"3 Sentries","floor":6.0,"turns":7.0},{"damage":7.0,"enemies":"2 Fungi Beasts","floor":8.0,"turns":3.0},{"damage":0.0,"enemies":"Lagavulin","floor":11.0,"turns":7.0},{"damage":25.0,"enemies":"Gremlin Nob","floor":13.0,"turns":4.0},{"damage":6.0,"enemies":"Blue Slaver","floor":14.0,"turns":4.0},{"damage":0.0,"enemies":"Hexaghost","floor":16.0,"turns":11.0},{"damage":0.0,"enemies":"Spheric Guardian","floor":18.0,"turns":3.0},{"damage":0.0,"enemies":"Chosen","floor":22.0,"turns":4.0},{"damage":23.0,"enemies":"Gremlin Leader","floor":24.0,"turns":7.0},{"damage":16.0,"enemies":"Book of Stabbing","floor":28.0,"turns":5.0},{"damage":0.0,"enemies":"Snecko","floor":29.0,"turns":4.0},{"damage":9.0,"enemies":"Snake Plant","floor":30.0,"turns":3.0},{"damage":0.0,"enemies":"Sentry and Sphere","floor":31.0,"turns":4.0},{"damage":9.0,"enemies":"Automaton","floor":33.0,"turns":11.0},{"damage":5.0,"enemies":"Orb Walker","floor":35.0,"turns":4.0},{"damage":5.0,"enemies":"Mind Bloom Boss Battle","floor":38.0,"turns":6.0},{"damage":0,"enemies":"3 Shapes","floor":39,"turns":5},{"damage":16,"enemies":"Giant Head","floor":41,"turns":6},{"damage":0,"enemies":"Transient","floor":42,"turns":5},{"damage":16,"enemies":"Nemesis","floor":44,"turns":5},{"damage":0,"enemies":"Sphere and 2 Shapes","floor":45,"turns":3},{"damage":7,"enemies":"Reptomancer","floor":46,"turns":7},{"damage":0,"enemies":"Spire Growth","floor":48,"turns":5},{"damage":22,"enemies":"Awakened One","floor":50,"turns":13}],"seed_played":"2187164822319958947","potions_obtained":[{"floor":0.0,"key":"Swift Potion"},{"floor":0.0,"key":"EssenceOfSteel"},{"floor":0.0,"key":"Energy Potion"},{"floor":5.0,"key":"Weak Potion"},{"floor":6.0,"key":"EssenceOfSteel"},{"floor":13.0,"key":"EssenceOfDarkness"},{"floor":24.0,"key":"Swift Potion"},{"floor":28.0,"key":"Explosive Potion"},{"floor":41,"key":"Strength Potion"},{"floor":46,"key":"AttackPotion"},{"floor":48,"key":"Block Potion"}],"is_trial":false,"path_per_floor":["M","M","M","?","M","E","$","M","T","R","E","R","E","M","R","B",null,"M","?","?","$","M","R","E","R","T","?","E","M","M","M","R","B",null,"M","?","$","?","M","R","E","M","T","E","M","E","?","M","R","B",null],"character_chosen":"DEFECT","items_purchased":["LiquidMemories","Runic Capacitor","Block Potion"],"campfire_rested":1,"item_purchase_floors":[21,37,37],"current_hp_per_floor":[63,63,63,63,55,23,23,23,23,44,51,51,33,34,34,41,64,71,52,52,52,59,59,43,43,43,43,34,44,42,49,49,47,69,71,71,71,73,73,73,71,76,76,70,76,76,76,76,76,64],"gold":10,"neow_bonus":"THREE_SMALL_POTIONS","is_prod":false,"is_daily":false,"chose_seed":false,"campfire_upgraded":7,"win_rate":0,"timestamp":1675822202,"path_taken":["M","M","?","?","?","E","$","M","T","R","E","R","E","M","R","BOSS","M","?","?","$","M","R","E","R","T","?","E","M","M","M","R","BOSS","M","?","$","?","M","R","E","M","T","E","M","E","?","M","R","BOSS"],"build_version":"2022-12-18","purchased_purges":3,"victory":true,"max_hp_per_floor":[71,71,71,71,71,71,71,71,71,71,71,71,71,71,71,71,71,71,76,76,76,76,76,76,76,76,76,76,76,76,76,76,76,76,76,76,76,76,76,76,76,76,76,76,76,76,76,76,76,76],"relic_stats":{"Ice Cream":[90],"Regal Pillow":0,"counters":[28,147],"Astrolabe":["Reprogram","Redo","All For One"],"Juzu Bracelet":0,"Letter Opener":[289],"Whetstone":["Ball Lightning","Cold Snap"],"Bottled Tornado":"Defragment","Boot":[24],"WarpedTongs":[126],"Blood Vial":2,"Sundial":[26],"Bottled Lightning":"Turbo","obtain_stats":[{"Ice Cream":38,"Regal Pillow":24,"Astrolabe":34,"Runic Capacitor":37,"Juzu Bracelet":44,"Letter Opener":9,"Whetstone":26,"Bottled Tornado":13,"Boot":28,"WarpedTongs":4,"Nuclear Battery":17,"Blood Vial":43,"Sundial":6,"Red Mask":47,"Bottled Lightning":46,"Toxic Egg 2":41,"Cracked Core":0,"TungstenRod":11},{"Ice Cream":20,"Regal Pillow":13,"Astrolabe":18,"Runic Capacitor":19,"Juzu Bracelet":24,"Letter Opener":6,"Whetstone":13,"Bottled Tornado":8,"Boot":14,"WarpedTongs":3,"Nuclear Battery":10,"Blood Vial":23,"Sundial":5,"Red Mask":26,"Bottled Lightning":26,"Toxic Egg 2":22,"Cracked Core":0,"TungstenRod":7},{"Ice Cream":98,"Regal Pillow":61,"Astrolabe":88,"Runic Capacitor":92,"Juzu Bracelet":119,"Letter Opener":21,"Whetstone":61,"Bottled Tornado":32,"Boot":66,"WarpedTongs":9,"Nuclear Battery":47,"Blood Vial":114,"Sundial":18,"Red Mask":129,"Bottled Lightning":129,"Toxic Egg 2":109,"Cracked Core":0,"TungstenRod":28}],"TungstenRod":29},"card_choices":[{"not_picked":["Chaos","Steam"],"picked":"Genetic Algorithm","floor":1.0},{"not_picked":["Go for the Eyes","Barrage"],"picked":"Coolheaded","floor":2.0},{"not_picked":["Ball Lightning","Beam Cell"],"picked":"Defragment","floor":3.0},{"not_picked":["Coolheaded","Defragment"],"picked":"Ball Lightning","floor":5.0},{"not_picked":["Go for the Eyes","Tempest"],"picked":"Self Repair","floor":6.0},{"not_picked":["Go for the Eyes","Self Repair"],"picked":"Sweeping Beam","floor":8.0},{"not_picked":["BootSequence","Hologram","Go for the Eyes"],"picked":"SKIP","floor":11.0},{"not_picked":["Ball Lightning","Amplify"],"picked":"Doom and Gloom","floor":13.0},{"not_picked":["Rebound","Beam Cell"],"picked":"Cold Snap","floor":14.0},{"not_picked":["Thunder Strike","Rainbow"],"picked":"Machine Learning","floor":16.0},{"not_picked":["Streamline","Gash","Hologram"],"picked":"SKIP","floor":18.0},{"not_picked":["Streamline","Barrage","BootSequence"],"picked":"SKIP","floor":22.0},{"not_picked":["Hello World","Redo"],"picked":"Buffer","floor":24.0},{"not_picked":["Rebound","Rip and Tear"],"picked":"Compile Driver+1","floor":28.0},{"not_picked":["Turbo","Static Discharge"],"picked":"Loop","floor":29.0},{"not_picked":["Rebound","Streamline","Beam Cell"],"picked":"SKIP","floor":30.0},{"not_picked":["Loop","Stack","Leap"],"picked":"SKIP","floor":31.0},{"not_picked":["Loop","Stack","Leap"],"picked":"SKIP","floor":31.0},{"not_picked":["Electrodynamics","Multi-Cast"],"picked":"Echo Form","floor":33.0},{"not_picked":["Barrage","Leap"],"picked":"Compile Driver+1","floor":35.0},{"not_picked":["Tempest","Steam+1"],"picked":"Heatsinks","floor":38.0},{"not_picked":["Beam Cell","Aggregate","Rebound+1"],"picked":"SKIP","floor":39},{"not_picked":["Compile Driver","Doom and Gloom"],"picked":"Force Field+1","floor":41},{"not_picked":["Compile Driver","Ball Lightning"],"picked":"Turbo+1","floor":42},{"not_picked":["Static Discharge","Rip and Tear+1","Sweeping Beam"],"picked":"SKIP","floor":44},{"not_picked":["Gash","BootSequence+1","Rip and Tear+1"],"picked":"SKIP","floor":45},{"not_picked":["Doom and Gloom","Core Surge"],"picked":"Stack+1","floor":46},{"not_picked":["Scrape+1","Ball Lightning","Melter"],"picked":"SKIP","floor":48}],"player_experience":5503157,"relics_obtained":[{"floor":6.0,"key":"Sundial"},{"floor":9.0,"key":"Letter Opener"},{"floor":11.0,"key":"TungstenRod"},{"floor":13.0,"key":"Bottled Tornado"},{"floor":24.0,"key":"Regal Pillow"},{"floor":26.0,"key":"Whetstone"},{"floor":28.0,"key":"Boot"},{"floor":38.0,"key":"Ice Cream"},{"floor":41,"key":"Toxic Egg 2"},{"floor":43,"key":"Blood Vial"},{"floor":44,"key":"Juzu Bracelet"},{"floor":46,"key":"Bottled Lightning"}],"event_choices":[{"damage_healed":0.0,"max_hp_gain":0.0,"max_hp_loss":0.0,"gold_gain":0.0,"event_name":"Accursed Blacksmith","player_choice":"Rummage","floor":4.0,"gold_loss":0.0,"damage_taken":0.0,"relics_obtained":["WarpedTongs"],"cards_obtained":["Pain"]},{"damage_healed":0.0,"max_hp_gain":5.0,"max_hp_loss":0.0,"gold_gain":0.0,"event_name":"Forgotten Altar","player_choice":"Shed Blood","floor":19.0,"gold_loss":0.0,"damage_taken":25.0},{"damage_healed":0.0,"max_hp_gain":0.0,"max_hp_loss":0.0,"gold_gain":0.0,"event_name":"The Mausoleum","player_choice":"Ignored","floor":20.0,"gold_loss":0.0,"damage_taken":0.0},{"damage_healed":0.0,"max_hp_gain":0.0,"max_hp_loss":0.0,"gold_gain":0.0,"event_name":"Vampires","player_choice":"Ignored","floor":27.0,"gold_loss":0.0,"damage_taken":0.0},{"cards_removed":["Sweeping Beam"],"damage_healed":0.0,"max_hp_gain":0.0,"max_hp_loss":0.0,"gold_gain":0.0,"event_name":"Falling","player_choice":"Removed Attack","floor":36.0,"gold_loss":0.0,"damage_taken":0.0},{"damage_healed":0.0,"max_hp_gain":0.0,"max_hp_loss":0.0,"gold_gain":0.0,"event_name":"MindBloom","player_choice":"Fight","floor":38.0,"gold_loss":0.0,"damage_taken":0.0},{"damage_healed":0,"gold_gain":0,"player_choice":"Paid","damage_taken":0,"relics_obtained":["Red Mask"],"max_hp_gain":0,"max_hp_loss":0,"event_name":"Tomb of Lord Red Mask","floor":47,"gold_loss":228}],"is_beta":false,"boss_relics":[{"not_picked":["FrozenCore","Velvet Choker"],"picked":"Nuclear Battery"},{"not_picked":["Runic Dome","Coffee Dripper"],"picked":"Astrolabe"}],"items_purged_floors":[7,21,37],"is_endless":false,"potions_floor_spawned":[2,5,6,13,24,28,31,38,41,46,48],"ascension_level":15}