{"gold_per_floor":[110,110,126,140,154,154,179,179,179,196,216,226,151,185,185,259,259,272,179,190,209,209,209],"floor_reached":23,"playtime":829,"items_purged":[],"score":359,"play_id":"9a294adb-664f-4397-a6b9-69d4deb065e4","local_time":"20230203150702","is_ascension_mode":true,"campfire_choices":[{"data":"Sunder","floor":6.0,"key":"SMITH"},{"data":"Zap","floor":8.0,"key":"SMITH"},{"data":"Dualcast","floor":15.0,"key":"SMITH"}],"neow_cost":"NONE","seed_source_timestamp":19610025688300,"circlet_count":0,"master_deck":["AscendersBane","Defend_B","Defend_B","Defend_B","Defend_B","Zap+1","Dualcast+1","Self Repair","Coolheaded","Sunder+1","Ball Lightning","Skim","Buffer","Loop","Gash","Rebound","Machine Learning","Multi-Cast+1","Defragment+1","Genetic Algorithm+1","Doom and Gloom","Hologram","FTL","Chill"],"special_seed":0,"relics":["Cracked Core","Shuriken","Torii","WingedGreaves","Astrolabe","Turnip"],"potions_floor_usage":[],"damage_taken":[{"damage":0.0,"enemies":"2 Louse","floor":1.0,"turns":2.0},{"damage":5.0,"enemies":"Cultist","floor":3.0,"turns":4.0},{"damage":5.0,"enemies":"Jaw Worm","floor":4.0,"turns":6.0},{"damage":1.0,"enemies":"2 Fungi Beasts","floor":5.0,"turns":2.0},{"damage":20.0,"enemies":"3 Sentries","floor":7.0,"turns":5.0},{"damage":9.0,"enemies":"Exordium Thugs","floor":10.0,"turns":3.0},{"damage":21.0,"enemies":"Lots of Slimes","floor":11.0,"turns":4.0},{"damage":1.0,"enemies":"3 Louse","floor":12.0,"turns":4.0},{"damage":6.0,"enemies":"Lagavulin","floor":14.0,"turns":7.0},{"damage":24.0,"enemies":"Slime Boss","floor":16.0,"turns":10.0},{"damage":21.0,"enemies":"3 Byrds","floor":18.0,"turns":4.0},{"damage":1.0,"enemies":"Chosen","floor":20.0,"turns":5.0},{"damage":39,"enemies":"Centurion and Healer","floor":21,"turns":5},{"damage":62,"enemies":"Slavers","floor":23,"turns":3}],"seed_played":"-620112566750229421","potions_obtained":[{"floor":3.0,"key":"ColorlessPotion"},{"floor":11.0,"key":"Swift Potion"},{"floor":14.0,"key":"FairyPotion"}],"is_trial":false,"path_per_floor":["M","?","M","M","M","R","E","R","T","M","M","M","?","E","R","B",null,"M","?","M","M","?","E"],"character_chosen":"DEFECT","items_purchased":[],"campfire_rested":0,"item_purchase_floors":[],"current_hp_per_floor":[71,76,78,80,83,83,70,70,70,68,47,53,53,54,54,37,72,58,58,64,32,32,0],"gold":209,"neow_bonus":"TEN_PERCENT_HP_BONUS","is_prod":false,"is_daily":false,"chose_seed":false,"campfire_upgraded":3,"win_rate":0,"timestamp":1675465622,"path_taken":["M","?","M","M","M","R","E","R","T","M","M","M","?","E","R","BOSS","M","?","M","?","?","E"],"build_version":"2022-12-18","purchased_purges":0,"victory":false,"max_hp_per_floor":[78,83,83,83,83,83,83,83,83,83,83,83,83,83,83,83,83,83,83,83,83,83,83],"relic_stats":{"Torii":10,"counters":[14,64],"Shuriken":[3],"Astrolabe":["Multi-Cast","Defragment","Genetic Algorithm"],"WingedGreaves":0,"Turnip":[4],"obtain_stats":[{"Torii":9,"Shuriken":7,"Astrolabe":17,"WingedGreaves":14,"Turnip":19,"Cracked Core":0},{"Torii":5,"Shuriken":5,"Astrolabe":10,"WingedGreaves":9,"Turnip":11,"Cracked Core":0},{"Torii":19,"Shuriken":19,"Astrolabe":47,"WingedGreaves":37,"Turnip":51,"Cracked Core":0}]},"card_choices":[{"not_picked":["Steam","Coolheaded"],"picked":"Self Repair","floor":1.0},{"not_picked":["Blizzard","Turbo"],"picked":"Coolheaded","floor":3.0},{"not_picked":["Hologram","Streamline"],"picked":"Sunder","floor":4.0},{"not_picked":["Leap","Steam"],"picked":"Ball Lightning","floor":5.0},{"not_picked":["Coolheaded","BootSequence"],"picked":"Skim","floor":7.0},{"not_picked":["Ball Lightning","Rebound"],"picked":"Buffer","floor":10.0},{"not_picked":["Cold Snap","Sunder"],"picked":"Loop","floor":11.0},{"not_picked":["Cold Snap","Barrage"],"picked":"Gash","floor":12.0},{"not_picked":["Steam","Streamline"],"picked":"Rebound","floor":14.0},{"not_picked":["Amplify","Multi-Cast"],"picked":"Machine Learning","floor":16.0},{"not_picked":["Rebound","Conserve Battery"],"picked":"Doom and Gloom","floor":18.0},{"not_picked":["Conserve Battery","Genetic Algorithm"],"picked":"Hologram","floor":20.0},{"not_picked":["Steam","Barrage"],"picked":"FTL","floor":21}],"player_experience":5480828,"relics_obtained":[{"floor":7.0,"key":"Shuriken"},{"floor":9.0,"key":"Torii"},{"floor":14.0,"key":"WingedGreaves"}],"event_choices":[{"damage_healed":0.0,"max_hp_gain":5.0,"max_hp_loss":0.0,"gold_gain":0.0,"event_name":"Big Fish","player_choice":"Donut","floor":2.0,"gold_loss":0.0,"damage_taken":0.0},{"cards_removed":["Strike_B"],"damage_healed":0.0,"max_hp_gain":0.0,"max_hp_loss":0.0,"gold_gain":0.0,"event_name":"The Cleric","player_choice":"Card Removal","floor":13.0,"gold_loss":75.0,"damage_taken":0.0},{"damage_healed":0.0,"max_hp_gain":0.0,"max_hp_loss":0.0,"gold_gain":0.0,"event_name":"WeMeetAgain","player_choice":"Paid Gold","floor":19.0,"gold_loss":93.0,"damage_taken":0.0,"relics_obtained":["Turnip"]},{"damage_healed":0,"gold_gain":0,"player_choice":"Read","damage_taken":0,"max_hp_gain":0,"max_hp_loss":0,"event_name":"The Library","floor":22,"gold_loss":0,"cards_obtained":["Chill"]}],"is_beta":false,"boss_relics":[{"not_picked":["Runic Dome","Pandora\u0027s Box"],"picked":"Astrolabe"}],"items_purged_floors":[],"is_endless":false,"potions_floor_spawned":[3,11,12,14],"killed_by":"Slavers","ascension_level":15}