{"gold_per_floor":[19,36,52,52,62,97,97,124,170,47,63,63,90,90,90,164,164,184,202,102,121,133,133,168,168,168,201,217,244,257,132,132,204,204,215,225,225,238,254,285,285,61,61,61,96,107,19,34,34,34],"floor_reached":51,"playtime":2788,"items_purged":["Strike_B","Strike_B","Doubt","Zap","Fission"],"score":1537,"play_id":"5cf5cbf0-3a06-4624-9309-5265eac97a0c","local_time":"20230209202409","is_ascension_mode":true,"campfire_choices":[{"data":"Defragment","floor":7,"key":"SMITH"},{"data":"Turbo","floor":12,"key":"SMITH"},{"data":"Fission","floor":15,"key":"SMITH"},{"data":"Seek","floor":23,"key":"SMITH"},{"data":"Echo Form","floor":25,"key":"SMITH"},{"data":"Rainbow","floor":32,"key":"SMITH"},{"data":"Capacitor","floor":49,"key":"SMITH"}],"neow_cost":"NO_GOLD","seed_source_timestamp":126956820805500,"circlet_count":0,"master_deck":["AscendersBane","Dualcast","Core Surge","Coolheaded","Cold Snap","Echo Form+1","Ball Lightning","Defragment+1","Glacier","Turbo+1","Compile Driver","Self Repair","Fission+1","Seek+1","Sweeping Beam+1","Chill+1","Compile Driver+1","Glacier+1","Rainbow+1","Heatsinks","Skim","Genetic Algorithm","Redo","Capacitor","Undo","Capacitor+1","Aggregate+1"],"relics":["Cracked Core","Pear","HornCleat","Nunchaku","Akabeko","Cursed Key","InkBottle","Cables","Torii","Gambling Chip","Pandora\u0027s Box","Shovel","Membership Card","MealTicket"],"potions_floor_usage":[6,8,13,24,27,50,50],"damage_taken":[{"damage":0,"enemies":"Cultist","floor":1,"turns":3},{"damage":2,"enemies":"Jaw Worm","floor":2,"turns":4},{"damage":0,"enemies":"2 Louse","floor":3,"turns":3},{"damage":7,"enemies":"Red Slaver","floor":5,"turns":3},{"damage":21,"enemies":"Gremlin Nob","floor":6,"turns":4},{"damage":22,"enemies":"3 Sentries","floor":8,"turns":6},{"damage":1,"enemies":"Exordium Wildlife","floor":11,"turns":5},{"damage":18,"enemies":"Gremlin Nob","floor":13,"turns":4},{"damage":1,"enemies":"Hexaghost","floor":16,"turns":10},{"damage":3,"enemies":"3 Byrds","floor":18,"turns":5},{"damage":0,"enemies":"Spheric Guardian","floor":19,"turns":4},{"damage":9,"enemies":"Shelled Parasite and Fungi","floor":21,"turns":5},{"damage":0,"enemies":"Snake Plant","floor":22,"turns":5},{"damage":14,"enemies":"Slavers","floor":24,"turns":4},{"damage":0,"enemies":"Gremlin Leader","floor":27,"turns":6},{"damage":0,"enemies":"Sentry and Sphere","floor":28,"turns":3},{"damage":22,"enemies":"Slavers","floor":29,"turns":5},{"damage":0,"enemies":"3 Cultists","floor":30,"turns":4},{"damage":6,"enemies":"Automaton","floor":33,"turns":11},{"damage":0,"enemies":"3 Darklings","floor":35,"turns":4},{"damage":0,"enemies":"3 Shapes","floor":36,"turns":4},{"damage":4,"enemies":"Sphere and 2 Shapes","floor":38,"turns":6},{"damage":0,"enemies":"Spire Growth","floor":39,"turns":6},{"damage":0,"enemies":"Giant Head","floor":40,"turns":11},{"damage":1,"enemies":"Nemesis","floor":45,"turns":11},{"damage":1,"enemies":"Maw","floor":46,"turns":6},{"damage":1,"enemies":"4 Shapes","floor":48,"turns":5},{"damage":0,"enemies":"Time Eater","floor":50,"turns":14}],"seed_played":"-2364018742722668510","potions_obtained":[{"floor":3,"key":"SteroidPotion"},{"floor":5,"key":"Regen Potion"},{"floor":11,"key":"GamblersBrew"},{"floor":19,"key":"Weak Potion"},{"floor":24,"key":"FocusPotion"},{"floor":29,"key":"SkillPotion"},{"floor":39,"key":"FocusPotion"}],"is_trial":false,"path_per_floor":["M","M","M","?","M","E","R","E","T","$","M","R","E","?","R","B",null,"M","M","$","M","M","R","E","R","T","E","M","E","M","$","R","B",null,"M","M","?","M","M","E","?","$","T","$","E","M","$","M","R","B",null],"character_chosen":"DEFECT","items_purchased":["Strength Potion","Membership Card"],"campfire_rested":0,"item_purchase_floors":[10,42],"current_hp_per_floor":[64,62,62,67,60,49,49,42,42,42,41,41,23,23,23,29,72,83,86,86,84,86,86,79,79,79,86,86,71,85,85,85,86,86,86,86,86,86,86,86,82,82,82,82,82,82,82,82,82,82],"gold":34,"neow_bonus":"THREE_RARE_CARDS","is_prod":false,"is_daily":false,"chose_seed":false,"campfire_upgraded":7,"win_rate":0,"timestamp":1676003049,"path_taken":["M","?","M","?","M","E","R","E","T","$","M","R","E","?","R","BOSS","M","M","?","M","M","R","E","R","T","E","M","E","M","$","R","BOSS","M","M","?","M","M","E","?","$","T","?","E","M","$","?","R","BOSS"],"build_version":"2022-12-18","purchased_purges":5,"victory":true,"max_hp_per_floor":[71,71,71,76,76,86,86,86,86,86,86,86,86,86,86,86,86,86,86,86,86,86,86,86,86,86,86,86,86,86,86,86,86,86,86,86,86,86,86,86,82,82,82,82,82,82,82,82,82,82],"relic_stats":{"Nunchaku":[24],"Shovel":0,"Torii":4,"counters":[28,161],"Gambling Chip":[13],"Pandora\u0027s Box":["Heatsinks","Skim","Fission","Genetic Algorithm","Redo","Capacitor"],"MealTicket":0,"Membership Card":162,"Cursed Key":1,"obtain_stats":[{"Pear":6,"Torii":27,"Cursed Key":17,"Akabeko":13,"Cables":26,"Nunchaku":9,"HornCleat":8,"Shovel":40,"Gambling Chip":29,"Pandora\u0027s Box":34,"MealTicket":45,"Membership Card":42,"Cracked Core":0,"InkBottle":24},{"Pear":5,"Torii":15,"Cursed Key":9,"Akabeko":8,"Cables":14,"Nunchaku":6,"HornCleat":6,"Shovel":24,"Gambling Chip":17,"Pandora\u0027s Box":19,"MealTicket":25,"Membership Card":24,"Cracked Core":0,"InkBottle":14},{"Pear":17,"Torii":71,"Cursed Key":42,"Akabeko":32,"Cables":65,"Nunchaku":23,"HornCleat":23,"Shovel":125,"Gambling Chip":79,"Pandora\u0027s Box":94,"MealTicket":136,"Membership Card":125,"Cracked Core":0,"InkBottle":65}],"InkBottle":[39],"Cables":[84,14,52,18,0]},"card_choices":[{"not_picked":["Meteor Strike","Fission"],"picked":"Core Surge","floor":0},{"not_picked":["Gash","Leap"],"picked":"Coolheaded","floor":1},{"not_picked":["Hologram","Gash"],"picked":"Cold Snap","floor":2},{"not_picked":["Steam","Hologram"],"picked":"Echo Form","floor":3},{"not_picked":["Hologram","Force Field"],"picked":"Ball Lightning","floor":5},{"not_picked":["Go for the Eyes","Streamline"],"picked":"Defragment","floor":6},{"not_picked":["Turbo","Streamline"],"picked":"Glacier","floor":8},{"not_picked":["Chaos","Coolheaded"],"picked":"Turbo","floor":11},{"not_picked":["Chaos","Ball Lightning"],"picked":"Compile Driver","floor":13},{"not_picked":["Thunder Strike","Echo Form"],"picked":"Seek","floor":16},{"not_picked":["Double Energy","White Noise"],"picked":"Sweeping Beam+1","floor":18},{"not_picked":["Coolheaded","Sweeping Beam"],"picked":"Chill+1","floor":19},{"not_picked":["Stack","Rebound"],"picked":"Compile Driver+1","floor":21},{"not_picked":["Aggregate","Sunder","Hologram"],"picked":"SKIP","floor":22},{"not_picked":["Redo+1","Loop"],"picked":"Glacier+1","floor":24},{"not_picked":["Redo","Sweeping Beam"],"picked":"Rainbow","floor":27},{"not_picked":["Barrage","Steam","Reprogram"],"picked":"SKIP","floor":28},{"not_picked":["Thunder Strike","Leap","Go for the Eyes"],"picked":"SKIP","floor":29},{"not_picked":["Conserve Battery","Streamline","Consume"],"picked":"SKIP","floor":30},{"not_picked":["Coolheaded","Scrape+1"],"picked":"Undo","floor":35},{"not_picked":["Cold Snap","Ball Lightning","Steam Power"],"picked":"SKIP","floor":36},{"not_picked":["Coolheaded","Hologram","Sweeping Beam"],"picked":"SKIP","floor":38},{"not_picked":["Chill","Sweeping Beam"],"picked":"Capacitor","floor":39},{"not_picked":["Streamline","Cold Snap+1"],"picked":"Aggregate+1","floor":40},{"not_picked":["Chaos","Scrape","Hologram"],"picked":"SKIP","floor":45},{"not_picked":["Lockon+1","Coolheaded","FTL"],"picked":"SKIP","floor":46},{"not_picked":["Ball Lightning+1","BootSequence","Leap"],"picked":"SKIP","floor":48}],"player_experience":5512797,"relics_obtained":[{"floor":6,"key":"Pear"},{"floor":8,"key":"HornCleat"},{"floor":9,"key":"Nunchaku"},{"floor":13,"key":"Akabeko"},{"floor":24,"key":"InkBottle"},{"floor":26,"key":"Cables"},{"floor":27,"key":"Torii"},{"floor":29,"key":"Gambling Chip"},{"floor":40,"key":"Shovel"},{"floor":45,"key":"MealTicket"}],"event_choices":[{"damage_healed":0,"gold_gain":0,"player_choice":"Donut","damage_taken":0,"max_hp_gain":5,"max_hp_loss":0,"event_name":"Big Fish","floor":4,"gold_loss":0},{"damage_healed":0,"gold_gain":0,"player_choice":"2 cards matched","damage_taken":0,"max_hp_gain":0,"max_hp_loss":0,"event_name":"Match and Keep!","floor":14,"gold_loss":0,"cards_obtained":["Self Repair","Fission"]},{"damage_healed":0,"gold_gain":0,"player_choice":"Ignored","damage_taken":0,"max_hp_gain":0,"max_hp_loss":0,"event_name":"Tomb of Lord Red Mask","floor":37,"gold_loss":0},{"damage_healed":0,"gold_gain":0,"player_choice":"Max HP","damage_taken":0,"max_hp_gain":0,"max_hp_loss":4,"event_name":"Winding Halls","floor":41,"gold_loss":0}],"is_beta":false,"boss_relics":[{"not_picked":["Ectoplasm","Runic Dome"],"picked":"Cursed Key"},{"not_picked":["FrozenCore","SacredBark"],"picked":"Pandora\u0027s Box"}],"items_purged_floors":[10,20,31,42,47],"is_endless":false,"potions_floor_spawned":[3,5,11,19,22,24,29,33,39,40,45,46,48],"ascension_level":15}