{"gold_per_floor":[111,130,150,170,60,60,95,121,121,137,181,181],"floor_reached":12,"playtime":310,"items_purged":["Strike_B"],"score":161,"play_id":"dd8a3edc-1676-48fd-8f0c-164a405038fd","local_time":"20230220191351","is_ascension_mode":true,"campfire_choices":[{"data":"Doom and Gloom","floor":6,"key":"SMITH"}],"neow_cost":"NONE","seed_source_timestamp":0,"circlet_count":0,"master_deck":["AscendersBane","Strike_B","Strike_B","Strike_B","Defend_B","Defend_B","Defend_B","Defend_B","Zap+1","Dualcast","Cold Snap","Hologram","Sweeping Beam","Doom and Gloom+1","Defragment","Compile Driver","BootSequence"],"special_seed":0,"relics":["Cracked Core","CeramicFish","The Courier","Strawberry"],"potions_floor_usage":[7,11],"damage_taken":[{"damage":0.0,"enemies":"Cultist","floor":1.0,"turns":3.0},{"damage":2.0,"enemies":"Small Slimes","floor":2.0,"turns":3.0},{"damage":0.0,"enemies":"Jaw Worm","floor":3.0,"turns":4.0},{"damage":1,"enemies":"Looter","floor":4,"turns":3},{"damage":12,"enemies":"Gremlin Nob","floor":7,"turns":3},{"damage":6,"enemies":"3 Louse","floor":8,"turns":2},{"damage":15,"enemies":"Lots of Slimes","floor":10,"turns":3},{"damage":20,"enemies":"3 Sentries","floor":11,"turns":4},{"damage":16,"enemies":"Exordium Wildlife","floor":12,"turns":2}],"seed_played":"-2310316318224598240","potions_obtained":[{"floor":1.0,"key":"AttackPotion"},{"floor":3.0,"key":"LiquidBronze"}],"is_trial":false,"path_per_floor":["M","M","M","M","$","R","E","M","T","M","E","M"],"character_chosen":"DEFECT","basemod:card_modifiers":[null,null,null,null,null,null,null,null,null,null,null,null,null,null,null,null,null],"items_purchased":["Doom and Gloom"],"campfire_rested":0,"item_purchase_floors":[5],"current_hp_per_floor":[64,62,62,61,61,61,49,43,43,28,15,0],"gold":181,"neow_bonus":"UPGRADE_CARD","is_prod":false,"is_daily":false,"chose_seed":false,"campfire_upgraded":1,"win_rate":0,"timestamp":1676949231,"path_taken":["M","M","M","M","$","R","E","M","T","M","E","?"],"build_version":"2022-12-18","purchased_purges":1,"victory":false,"max_hp_per_floor":[71,71,71,71,71,71,71,71,71,71,78,78],"relic_stats":{"counters":[9,27],"CeramicFish":27,"The Courier":0,"obtain_stats":[{"CeramicFish":7,"Strawberry":11,"The Courier":9,"Cracked Core":0},{"CeramicFish":5,"Strawberry":8,"The Courier":6,"Cracked Core":0},{"CeramicFish":16,"Strawberry":25,"The Courier":18,"Cracked Core":0}]},"card_choices":[{"not_picked":["Storm","Force Field","Steam"],"picked":"SKIP","floor":1.0},{"not_picked":["Compile Driver","Go for the Eyes"],"picked":"Cold Snap","floor":2.0},{"not_picked":["Chaos","Redo"],"picked":"Hologram","floor":3.0},{"not_picked":["Leap","Steam"],"picked":"Sweeping Beam","floor":4},{"not_picked":["Rainbow","Heatsinks"],"picked":"Defragment","floor":7},{"not_picked":["Lockon","Coolheaded"],"picked":"Compile Driver","floor":8},{"not_picked":["Beam Cell","Coolheaded","Sunder"],"picked":"SKIP","floor":10},{"not_picked":["Melter","Double Energy"],"picked":"BootSequence","floor":11}],"player_experience":5526152,"relics_obtained":[{"floor":7,"key":"CeramicFish"},{"floor":9,"key":"The Courier"},{"floor":11,"key":"Strawberry"}],"event_choices":[],"is_beta":false,"boss_relics":[],"items_purged_floors":[5],"is_endless":false,"potions_floor_spawned":[1,3,4],"killed_by":"Exordium Wildlife","ascension_level":15}