{"gold_per_floor":[119,119,119,131,56,83,83,109,109,140,150,163,163,41,41,120,120,138,138,157,169,179,213,228,42,91,116,116,151,151,170,170,244,244,259,56,1055,1067,1082,1082,181,197,197,231,245,279,279,290,290,290],"floor_reached":51,"playtime":1842,"items_purged":["Strike_B","Strike_B","Zap","Strike_B"],"score":1521,"play_id":"c1422f73-35f7-44d6-825d-17a2da7cfb32","local_time":"20230416205736","is_ascension_mode":true,"campfire_choices":[{"data":"Sunder","floor":7.0,"key":"SMITH"},{"data":"Go for the Eyes","floor":13.0,"key":"SMITH"},{"data":"Beam Cell","floor":15.0,"key":"SMITH"},{"data":"Capacitor","floor":28.0,"key":"SMITH"},{"data":"Buffer","floor":32.0,"key":"SMITH"},{"data":"Skim","floor":40.0,"key":"SMITH"},{"data":"Apotheosis","floor":49,"key":"SMITH"}],"neow_cost":"NONE","seed_source_timestamp":87231985377600,"circlet_count":0,"master_deck":["AscendersBane","Defend_B","Defend_B+1","Defend_B","Defend_B+1","Dualcast","Sunder+1","Skim+1","Genetic Algorithm","Self Repair","Chill","Go for the Eyes+1","Conserve Battery","Beam Cell+1","Echo Form","Ball Lightning","Barrage","Cold Snap+1","Lockon+1","Capacitor+1","FTL","Buffer+1","All For One","Gash","Gash","Hologram+1","Apotheosis+1","Skim+1","Sweeping Beam+1","Compile Driver+1","Undo","Double Energy","Madness","Madness","Aggregate+1"],"special_seed":0,"relics":["Cracked Core","NeowsBlessing","War Paint","Pen Nib","Mummified Hand","Shuriken","Happy Flower","Coffee Dripper","Juzu Bracelet","Bag of Marbles","PreservedInsect","Omamori","Ancient Tea Set","Cursed Key","TungstenRod","DollysMirror","Dream Catcher","Pantograph"],"potions_floor_usage":[50,50,50],"damage_taken":[{"damage":0.0,"enemies":"2 Louse","floor":1.0,"turns":1.0},{"damage":0.0,"enemies":"Jaw Worm","floor":4.0,"turns":1.0},{"damage":0.0,"enemies":"Lagavulin","floor":6.0,"turns":1.0},{"damage":27.0,"enemies":"Gremlin Nob","floor":8.0,"turns":4.0},{"damage":5.0,"enemies":"3 Sentries","floor":10.0,"turns":4.0},{"damage":3.0,"enemies":"Cultist","floor":11.0,"turns":4.0},{"damage":0.0,"enemies":"Large Slime","floor":12.0,"turns":8.0},{"damage":45.0,"enemies":"Hexaghost","floor":16.0,"turns":10.0},{"damage":8.0,"enemies":"Shell Parasite","floor":18.0,"turns":4.0},{"damage":2.0,"enemies":"Chosen","floor":20.0,"turns":3.0},{"damage":11.0,"enemies":"Snecko","floor":21.0,"turns":5.0},{"damage":13.0,"enemies":"Snake Plant","floor":22.0,"turns":4.0},{"damage":4.0,"enemies":"Book of Stabbing","floor":23.0,"turns":4.0},{"damage":0.0,"enemies":"3 Cultists","floor":24.0,"turns":5.0},{"damage":8.0,"enemies":"Gremlin Leader","floor":27.0,"turns":5.0},{"damage":4.0,"enemies":"Book of Stabbing","floor":29.0,"turns":3.0},{"damage":4.0,"enemies":"Centurion and Healer","floor":31.0,"turns":4.0},{"damage":16.0,"enemies":"Automaton","floor":33.0,"turns":9.0},{"damage":3.0,"enemies":"Orb Walker","floor":35.0,"turns":3.0},{"damage":0.0,"enemies":"3 Shapes","floor":38.0,"turns":5.0},{"damage":12.0,"enemies":"3 Darklings","floor":39.0,"turns":4.0},{"damage":0.0,"enemies":"Jaw Worm Horde","floor":42.0,"turns":4.0},{"damage":2,"enemies":"Giant Head","floor":44,"turns":5},{"damage":18,"enemies":"Spire Growth","floor":45,"turns":4},{"damage":0,"enemies":"Nemesis","floor":46,"turns":3},{"damage":0,"enemies":"3 Darklings","floor":48,"turns":2},{"damage":20,"enemies":"Time Eater","floor":50,"turns":7}],"seed_played":"-4999058803178748816","potions_obtained":[{"floor":1.0,"key":"Explosive Potion"},{"floor":6.0,"key":"SkillPotion"},{"floor":8.0,"key":"SteroidPotion"},{"floor":11.0,"key":"FocusPotion"},{"floor":18.0,"key":"Fire Potion"},{"floor":27.0,"key":"Block Potion"},{"floor":38.0,"key":"SkillPotion"}],"is_trial":false,"path_per_floor":["M","?","T","M","$","E","R","E","T","E","M","M","R","$","R","B",null,"M","?","M","M","M","E","M","$","T","E","R","E","?","M","R","B",null,"M","$","?","M","M","R","$","M","T","E","M","E","?","M","R","B",null],"character_chosen":"DEFECT","basemod:card_modifiers":[null,null,null,null,null,null,null,null,null,null,null,null,null,null,null,null,null,null,null,null,null,null,null,null,null,null,null,null,null,null,null,null,null,null,null],"items_purchased":["Beam Cell","Bag of Marbles","FTL","DistilledChaos","Apotheosis","TungstenRod","DollysMirror","EntropicBrew"],"campfire_rested":0,"item_purchase_floors":[14,25,25,36,41,41,41,41],"current_hp_per_floor":[64,69,69,69,69,69,69,42,42,44,48,55,55,55,55,17,61,67,67,72,68,62,65,76,76,76,75,75,76,76,76,76,67,74,71,71,71,76,71,71,71,76,76,76,65,72,59,59,59,66],"gold":290,"neow_bonus":"THREE_ENEMY_KILL","is_prod":false,"is_daily":false,"chose_seed":false,"campfire_upgraded":7,"win_rate":0,"timestamp":1681703856,"path_taken":["M","?","?","M","$","E","R","E","T","E","M","M","R","$","R","BOSS","M","?","M","?","M","E","M","$","T","E","R","E","?","M","R","BOSS","M","$","?","M","M","R","$","M","T","E","M","E","?","M","R","BOSS"],"build_version":"2022-12-18","purchased_purges":4,"victory":true,"max_hp_per_floor":[71,76,76,76,76,76,76,76,76,76,76,76,76,76,76,76,76,76,76,76,76,76,76,76,76,76,76,76,76,76,76,76,76,76,76,76,76,76,76,76,76,76,76,76,76,76,76,76,76,76],"relic_stats":{"Happy Flower":[35],"counters":[27,116],"Pen Nib":[24],"PreservedInsect":267,"Juzu Bracelet":0,"Omamori":2,"War Paint":["Defend_B","Defend_B"],"Ancient Tea Set":[6],"Cursed Key":0,"Dream Catcher":0,"Mummified Hand":[73],"Shuriken":[43],"Pantograph":17,"obtain_stats":[{"NeowsBlessing":0,"Happy Flower":10,"Pen Nib":6,"PreservedInsect":26,"Juzu Bracelet":23,"Omamori":27,"War Paint":3,"Ancient Tea Set":29,"Cursed Key":34,"Dream Catcher":44,"Mummified Hand":8,"Shuriken":9,"DollysMirror":41,"Pantograph":46,"Coffee Dripper":17,"Bag of Marbles":25,"Cracked Core":0,"TungstenRod":41},{"NeowsBlessing":0,"Happy Flower":5,"Pen Nib":3,"PreservedInsect":14,"Juzu Bracelet":13,"Omamori":15,"War Paint":1,"Ancient Tea Set":16,"Cursed Key":18,"Dream Catcher":23,"Mummified Hand":4,"Shuriken":4,"DollysMirror":21,"Pantograph":25,"Coffee Dripper":8,"Bag of Marbles":14,"Cracked Core":0,"TungstenRod":21},{"NeowsBlessing":0,"Happy Flower":11,"Pen Nib":3,"PreservedInsect":58,"Juzu Bracelet":53,"Omamori":63,"War Paint":1,"Ancient Tea Set":66,"Cursed Key":79,"Dream Catcher":100,"Mummified Hand":7,"Shuriken":7,"DollysMirror":91,"Pantograph":107,"Coffee Dripper":33,"Bag of Marbles":58,"Cracked Core":0,"TungstenRod":91}],"TungstenRod":8},"card_choices":[{"not_picked":["Beam Cell","Rebound"],"picked":"Sunder","floor":1.0},{"not_picked":["Force Field","Blizzard"],"picked":"Skim","floor":4.0},{"not_picked":["Machine Learning","Recycle"],"picked":"Genetic Algorithm","floor":6.0},{"not_picked":["Cold Snap","Reprogram"],"picked":"Self Repair","floor":8.0},{"not_picked":["Rip and Tear","Stack"],"picked":"Chill","floor":10.0},{"not_picked":["Compile Driver","Reinforced Body"],"picked":"Go for the Eyes","floor":11.0},{"not_picked":["Hello World","Hologram"],"picked":"Conserve Battery","floor":12.0},{"not_picked":["Core Surge","Biased Cognition"],"picked":"Echo Form","floor":16.0},{"not_picked":["Beam Cell","Streamline"],"picked":"Ball Lightning","floor":18.0},{"not_picked":["Turbo","Steam"],"picked":"Cold Snap+1","floor":20.0},{"not_picked":["Cold Snap","Steam+1","Go for the Eyes"],"picked":"SKIP","floor":21.0},{"not_picked":["Lockon+1","Rebound","Go for the Eyes"],"picked":"SKIP","floor":22.0},{"not_picked":["Rebound","Go for the Eyes"],"picked":"Lockon+1","floor":22.0},{"not_picked":["Stack","Sunder","Sweeping Beam"],"picked":"SKIP","floor":23.0},{"not_picked":["Scrape","Steam"],"picked":"Capacitor","floor":24.0},{"not_picked":["Aggregate","Cold Snap","Coolheaded"],"picked":"SKIP","floor":27.0},{"not_picked":["Capacitor","Streamline","Conserve Battery"],"picked":"SKIP","floor":29.0},{"not_picked":["Storm","Steam"],"picked":"Buffer","floor":31.0},{"not_picked":["Electrodynamics","Rainbow"],"picked":"All For One","floor":33.0},{"not_picked":["Hologram","Stack"],"picked":"Gash","floor":35.0},{"not_picked":["Darkness","Steam"],"picked":"Gash","floor":38.0},{"not_picked":["Self Repair+1","FTL"],"picked":"Hologram+1","floor":39.0},{"not_picked":["Streamline","Doom and Gloom"],"picked":"Sweeping Beam+1","floor":42.0},{"not_picked":["Rip and Tear","Reboot"],"picked":"Compile Driver+1","floor":44},{"not_picked":["Redo","Chill+1"],"picked":"Undo","floor":45},{"not_picked":["Cold Snap","Rainbow"],"picked":"Double Energy","floor":46},{"not_picked":["Auto Shields","Ball Lightning"],"picked":"Aggregate+1","floor":48}],"player_experience":5562835,"relics_obtained":[{"floor":3.0,"key":"War Paint"},{"floor":6.0,"key":"Pen Nib"},{"floor":8.0,"key":"Mummified Hand"},{"floor":9.0,"key":"Shuriken"},{"floor":10.0,"key":"Happy Flower"},{"floor":23.0,"key":"Juzu Bracelet"},{"floor":26.0,"key":"PreservedInsect"},{"floor":27.0,"key":"Omamori"},{"floor":29.0,"key":"Ancient Tea Set"},{"floor":44,"key":"Dream Catcher"},{"floor":46,"key":"Pantograph"}],"event_choices":[{"damage_healed":0.0,"max_hp_gain":5.0,"max_hp_loss":0.0,"gold_gain":0.0,"event_name":"Big Fish","player_choice":"Donut","floor":2.0,"gold_loss":0.0,"damage_taken":0.0},{"damage_healed":0.0,"max_hp_gain":0.0,"max_hp_loss":0.0,"gold_gain":0.0,"cards_transformed":["Strike_B"],"event_name":"Transmorgrifier","player_choice":"Transformed","floor":19.0,"gold_loss":0.0,"damage_taken":0.0,"cards_obtained":["Barrage"]},{"damage_healed":0.0,"max_hp_gain":0.0,"max_hp_loss":0.0,"gold_gain":0.0,"event_name":"Ghosts","player_choice":"Ignored","floor":30.0,"gold_loss":0.0,"damage_taken":0.0},{"damage_healed":0.0,"max_hp_gain":0.0,"max_hp_loss":0.0,"gold_gain":999.0,"event_name":"MindBloom","player_choice":"Gold","floor":37.0,"gold_loss":0.0,"damage_taken":0.0,"cards_obtained":["Normality","Normality"]},{"damage_healed":0,"gold_gain":0,"player_choice":"Embrace Madness","damage_taken":14,"max_hp_gain":0,"max_hp_loss":0,"event_name":"Winding Halls","floor":47,"gold_loss":0,"cards_obtained":["Madness","Madness"]}],"is_beta":false,"boss_relics":[{"not_picked":["SacredBark","Snecko Eye"],"picked":"Coffee Dripper"},{"not_picked":["Philosopher\u0027s Stone","Busted Crown"],"picked":"Cursed Key"}],"items_purged_floors":[5,14,36,41],"is_endless":false,"potions_floor_spawned":[1,6,8,11,18,20,21,27,38,39,44,46],"ascension_level":15}