{"gold_per_floor":[114,131,150,225,245,245,271,271,271,271,196,121,153,53,53,130,130,145,161,161,18,35,35,85,115,115,115,115,145,145,445,445,522,522,534,149,168,187,187,216,216,242,292,292,307,326,358,373,373,373],"floor_reached":51,"playtime":2069,"items_purged":["Strike_B","Strike_B","Defend_B"],"score":1354,"play_id":"1af78689-a833-417e-8e7b-787da0974d7a","local_time":"20230619100012","is_ascension_mode":true,"campfire_choices":[{"data":"Ball Lightning","floor":6.0,"key":"SMITH"},{"data":"Zap","floor":8.0,"key":"SMITH"},{"data":"Barrage","floor":10.0,"key":"SMITH"},{"data":"Creative AI","floor":15.0,"key":"SMITH"},{"data":"Biased Cognition","floor":23.0,"key":"SMITH"},{"data":"Doom and Gloom","floor":30.0,"key":"SMITH"},{"data":"Undo","floor":32.0,"key":"SMITH"},{"floor":41.0,"key":"REST"},{"floor":44.0,"key":"REST"},{"floor":49,"key":"REST"}],"neow_cost":"NONE","seed_source_timestamp":88126577980700,"circlet_count":0,"master_deck":["AscendersBane","Defend_B","Defend_B","Zap+1","Dualcast","Compile Driver","Ball Lightning+1","Conserve Battery","Undo+1","Barrage+1","Creative AI+1","Biased Cognition+1","Cold Snap","Cold Snap","Glacier","Doom and Gloom+1","Core Surge","Echo Form","Compile Driver","Capacitor","Conserve Battery","Fusion+1","Biased Cognition+1","Capacitor","Reinforced Body"],"special_seed":0,"relics":["Cracked Core","NeowsBlessing","Eternal Feather","InkBottle","Mercury Hourglass","Sozu","Lee\u0027s Waffle","Darkstone Periapt","Shuriken","Symbiotic Virus","Old Coin","Empty Cage","Pen Nib","Potion Belt","Boot","Omamori","Kunai"],"potions_floor_usage":[50],"damage_taken":[{"damage":0.0,"enemies":"Cultist","floor":1.0,"turns":1.0},{"damage":0.0,"enemies":"Jaw Worm","floor":2.0,"turns":1.0},{"damage":0.0,"enemies":"2 Louse","floor":3.0,"turns":1.0},{"damage":3.0,"enemies":"Blue Slaver","floor":5.0,"turns":3.0},{"damage":23.0,"enemies":"Gremlin Nob","floor":7.0,"turns":4.0},{"damage":5.0,"enemies":"Lagavulin","floor":13.0,"turns":5.0},{"damage":15.0,"enemies":"Hexaghost","floor":16.0,"turns":8.0},{"damage":9.0,"enemies":"3 Byrds","floor":18.0,"turns":4.0},{"damage":3.0,"enemies":"Shell Parasite","floor":19.0,"turns":4.0},{"damage":19.0,"enemies":"Shelled Parasite and Fungi","floor":22.0,"turns":5.0},{"damage":4.0,"enemies":"Book of Stabbing","floor":25.0,"turns":6.0},{"damage":7.0,"enemies":"Gremlin Leader","floor":29.0,"turns":6.0},{"damage":60.0,"enemies":"Automaton","floor":33.0,"turns":13.0},{"damage":7.0,"enemies":"3 Shapes","floor":35.0,"turns":4.0},{"damage":9.0,"enemies":"3 Darklings","floor":37.0,"turns":4.0},{"damage":10.0,"enemies":"Transient","floor":38.0,"turns":5.0},{"damage":33.0,"enemies":"Nemesis","floor":40.0,"turns":7.0},{"damage":4.0,"enemies":"Giant Head","floor":42.0,"turns":9.0},{"damage":25.0,"enemies":"Jaw Worm Horde","floor":45.0,"turns":3.0},{"damage":0.0,"enemies":"Spire Growth","floor":46.0,"turns":4.0},{"damage":20,"enemies":"Reptomancer","floor":47,"turns":9},{"damage":0,"enemies":"Maw","floor":48,"turns":5},{"damage":30,"enemies":"Time Eater","floor":50,"turns":11}],"seed_played":"-1370945393195222382","potions_obtained":[{"floor":2.0,"key":"EssenceOfSteel"},{"floor":7.0,"key":"Explosive Potion"},{"floor":16.0,"key":"Fruit Juice"}],"is_trial":false,"path_per_floor":["M","M","M","?","M","R","E","R","T","R","?","$","E","$","R","B",null,"M","M","?","$","M","R","?","E","T","?","$","E","R","T","R","B",null,"M","$","M","M","?","E","R","E","T","R","M","M","E","M","R","B",null],"character_chosen":"DEFECT","basemod:card_modifiers":[null,null,null,null,null,null,null,null,null,null,null,null,null,null,null,null,null,null,null,null,null,null,null,null,null],"items_purchased":["Lee\u0027s Waffle","Capacitor","Conserve Battery","Pen Nib"],"campfire_rested":3,"item_purchase_floors":[21,36,36,36],"current_hp_per_floor":[64,64,64,53,50,50,27,36,36,45,45,45,40,40,46,31,61,52,49,49,78,59,68,68,64,64,64,64,57,69,69,78,18,63,56,56,47,37,37,4,39,35,35,70,45,45,25,25,63,38],"gold":373,"neow_bonus":"THREE_ENEMY_KILL","is_prod":false,"is_daily":false,"chose_seed":false,"campfire_upgraded":7,"win_rate":0,"timestamp":1687194012,"path_taken":["M","M","?","?","M","R","E","R","T","R","?","$","E","$","R","BOSS","M","M","?","$","M","R","?","E","T","?","$","E","R","?","R","BOSS","M","$","M","M","?","E","R","E","T","R","?","M","E","M","R","BOSS"],"build_version":"2022-12-18","purchased_purges":3,"victory":true,"max_hp_per_floor":[71,71,71,71,71,71,71,71,71,71,71,71,71,71,71,71,71,71,71,71,78,78,78,78,78,78,78,78,78,78,78,78,78,78,78,78,78,78,78,78,78,78,78,78,78,78,78,78,78,83],"relic_stats":{"Darkstone Periapt":0,"Lee\u0027s Waffle":29,"counters":[23,122],"Eternal Feather":93,"Pen Nib":[9],"Omamori":0,"Boot":[2],"Mercury Hourglass":[379],"Sozu":7,"Shuriken":[17],"Kunai":[5],"obtain_stats":[{"Darkstone Periapt":25,"Potion Belt":40,"Lee\u0027s Waffle":21,"NeowsBlessing":0,"Eternal Feather":7,"Pen Nib":36,"Omamori":43,"Empty Cage":34,"Boot":42,"Mercury Hourglass":13,"Old Coin":31,"Sozu":17,"Shuriken":26,"Kunai":47,"Cracked Core":0,"Symbiotic Virus":29,"InkBottle":9},{"Darkstone Periapt":11,"Potion Belt":17,"Lee\u0027s Waffle":9,"NeowsBlessing":0,"Eternal Feather":5,"Pen Nib":14,"Omamori":18,"Empty Cage":13,"Boot":18,"Mercury Hourglass":6,"Old Coin":12,"Sozu":7,"Shuriken":11,"Kunai":21,"Cracked Core":0,"Symbiotic Virus":12,"InkBottle":5},{"Darkstone Periapt":42,"Potion Belt":81,"Lee\u0027s Waffle":31,"NeowsBlessing":0,"Eternal Feather":10,"Pen Nib":65,"Omamori":90,"Empty Cage":61,"Boot":90,"Mercury Hourglass":15,"Old Coin":48,"Sozu":23,"Shuriken":42,"Kunai":106,"Cracked Core":0,"Symbiotic Virus":48,"InkBottle":10}],"InkBottle":[40]},"card_choices":[{"not_picked":["Sweeping Beam","Blizzard"],"picked":"Compile Driver","floor":1.0},{"not_picked":["Skim","Barrage"],"picked":"Ball Lightning","floor":2.0},{"not_picked":["White Noise","Coolheaded"],"picked":"Conserve Battery","floor":3.0},{"not_picked":["BootSequence","Rebound"],"picked":"Undo","floor":5.0},{"not_picked":["Amplify","Consume"],"picked":"Barrage","floor":7.0},{"not_picked":["Stack","Leap"],"picked":"Creative AI","floor":13.0},{"not_picked":["Multi-Cast","Hyperbeam"],"picked":"Biased Cognition","floor":16.0},{"not_picked":["Auto Shields","Tempest"],"picked":"Cold Snap","floor":18.0},{"not_picked":["Ball Lightning","Compile Driver"],"picked":"Cold Snap","floor":19.0},{"not_picked":["Darkness","Hologram","Leap"],"picked":"SKIP","floor":22.0},{"not_picked":["Force Field","Ball Lightning"],"picked":"Doom and Gloom","floor":25.0},{"not_picked":["Recycle+1","Stack"],"picked":"Core Surge","floor":29.0},{"not_picked":["Amplify","Buffer"],"picked":"Echo Form","floor":33.0},{"not_picked":["Undo","Melter"],"picked":"Compile Driver","floor":35.0},{"not_picked":["Scrape","Genetic Algorithm","Turbo"],"picked":"SKIP","floor":37.0},{"not_picked":["Rebound","Streamline"],"picked":"Fusion+1","floor":38.0},{"not_picked":["Fusion+1","Auto Shields+1","Compile Driver"],"picked":"SKIP","floor":40.0},{"not_picked":["Darkness","Capacitor","All For One"],"picked":"SKIP","floor":42.0},{"not_picked":["Darkness","All For One"],"picked":"Capacitor","floor":42.0},{"not_picked":["Redo","Consume+1","Loop"],"picked":"SKIP","floor":45.0},{"not_picked":["Stack","Compile Driver"],"picked":"Reinforced Body","floor":46.0},{"not_picked":["Rebound+1","Hologram","Stack"],"picked":"SKIP","floor":47},{"not_picked":["Beam Cell+1","Ball Lightning","Leap"],"picked":"SKIP","floor":48}],"player_experience":5674301,"relics_obtained":[{"floor":7.0,"key":"Eternal Feather"},{"floor":9.0,"key":"InkBottle"},{"floor":13.0,"key":"Mercury Hourglass"},{"floor":25.0,"key":"Darkstone Periapt"},{"floor":26.0,"key":"Shuriken"},{"floor":29.0,"key":"Symbiotic Virus"},{"floor":31.0,"key":"Old Coin"},{"floor":40.0,"key":"Potion Belt"},{"floor":42.0,"key":"Boot"},{"floor":43.0,"key":"Omamori"},{"floor":47,"key":"Kunai"}],"event_choices":[{"damage_healed":0.0,"max_hp_gain":0.0,"max_hp_loss":0.0,"gold_gain":75.0,"event_name":"World of Goop","player_choice":"Gather Gold","floor":4.0,"gold_loss":0.0,"damage_taken":11.0},{"cards_removed":["Strike_B"],"damage_healed":0.0,"max_hp_gain":0.0,"max_hp_loss":0.0,"gold_gain":0.0,"event_name":"The Cleric","player_choice":"Card Removal","floor":11.0,"gold_loss":75.0,"damage_taken":0.0},{"damage_healed":0.0,"max_hp_gain":0.0,"max_hp_loss":0.0,"gold_gain":0.0,"event_name":"The Library","player_choice":"Read","floor":20.0,"gold_loss":0.0,"damage_taken":0.0,"cards_obtained":["Glacier"]},{"damage_healed":0.0,"max_hp_gain":0.0,"max_hp_loss":0.0,"gold_gain":50.0,"event_name":"Nest","player_choice":"Stole From Cult","floor":24.0,"gold_loss":0.0,"damage_taken":0.0},{"damage_healed":0.0,"max_hp_gain":0.0,"max_hp_loss":0.0,"gold_gain":0.0,"event_name":"Ghosts","player_choice":"Ignored","floor":27.0,"gold_loss":0.0,"damage_taken":0.0},{"damage_healed":0.0,"max_hp_gain":0.0,"max_hp_loss":0.0,"gold_gain":0.0,"event_name":"Duplicator","player_choice":"Copied","floor":39.0,"gold_loss":0.0,"damage_taken":0.0,"cards_obtained":["Biased Cognition"]}],"is_beta":false,"boss_relics":[{"not_picked":["FrozenCore","Busted Crown"],"picked":"Sozu"},{"not_picked":["Inserter","Coffee Dripper"],"picked":"Empty Cage"}],"items_purged_floors":[12,14,36],"is_endless":false,"potions_floor_spawned":[2,7,16,22,33,37,38,42,46,48],"ascension_level":15}