{"gold_per_floor":[218,218,228,241,92,112,138,152,152,166,194,208,223,237,237,237],"floor_reached":16,"playtime":812,"items_purged":["Pain"],"score":207,"play_id":"767cd68b-c78b-4c15-a713-e2939792b12d","local_time":"20201210170038","is_ascension_mode":true,"campfire_choices":[{"data":"Noxious Fumes","floor":15,"key":"SMITH"}],"neow_cost":"NONE","seed_source_timestamp":89922532992500,"circlet_count":0,"master_deck":["AscendersBane","Strike_G","Strike_G","Strike_G","Strike_G","Strike_G","Defend_G","Defend_G","Defend_G","Defend_G","Defend_G","Survivor","Neutralize","Skewer","Infinite Blades","Noxious Fumes+1","Footwork","Bouncing Flask","Predator","Dodge and Roll","Poisoned Stab","Deadly Poison","All Out Attack","PiercingWail"],"relics":["Ring of the Snake","WarpedTongs","Darkstone Periapt","Bottled Flame","Happy Flower"],"potions_floor_usage":[6,7,11,14,16,16],"damage_taken":[{"damage":2,"enemies":"Jaw Worm","floor":1,"turns":6},{"damage":2,"enemies":"Cultist","floor":3,"turns":4},{"damage":2,"enemies":"Small Slimes","floor":4,"turns":5},{"damage":6,"enemies":"Blue Slaver","floor":6,"turns":5},{"damage":9,"enemies":"3 Sentries","floor":7,"turns":7},{"damage":4,"enemies":"Large Slime","floor":8,"turns":7},{"damage":11,"enemies":"2 Fungi Beasts","floor":10,"turns":4},{"damage":10,"enemies":"Lagavulin","floor":11,"turns":7},{"damage":2,"enemies":"3 Louse","floor":12,"turns":5},{"damage":1,"enemies":"Red Slaver","floor":13,"turns":5},{"damage":8,"enemies":"Exordium Wildlife","floor":14,"turns":4},{"damage":12,"enemies":"Slime Boss","floor":16,"turns":6}],"seed_played":"4374078000726402651","potions_obtained":[{"floor":1,"key":"EssenceOfSteel"},{"floor":4,"key":"Fruit Juice"},{"floor":6,"key":"EssenceOfSteel"},{"floor":8,"key":"Fruit Juice"},{"floor":12,"key":"DistilledChaos"},{"floor":14,"key":"SteroidPotion"}],"is_trial":false,"path_per_floor":["M","?","M","M","$","M","E","M","T","M","E","M","M","M","R","B"],"character_chosen":"THE_SILENT","items_purchased":["Footwork"],"campfire_rested":0,"item_purchase_floors":[5],"current_hp_per_floor":[57,57,55,53,53,52,43,39,39,28,18,16,15,12,12,0],"gold":237,"neow_bonus":"HUNDRED_GOLD","is_prod":false,"is_daily":false,"chose_seed":false,"campfire_upgraded":1,"win_rate":0,"timestamp":1607648438,"path_taken":["M","?","M","M","$","?","E","M","T","M","E","M","M","M","R","BOSS"],"build_version":"2020-11-30","purchased_purges":1,"victory":false,"max_hp_per_floor":[66,66,66,66,66,71,71,71,71,71,71,71,71,76,76,76],"card_choices":[{"not_picked":["Dodge and Roll","Bane"],"picked":"Skewer","floor":1},{"not_picked":["Bane","Cloak And Dagger"],"picked":"Infinite Blades","floor":3},{"not_picked":["Outmaneuver","Deadly Poison"],"picked":"Noxious Fumes","floor":4},{"not_picked":["PiercingWail","Bane"],"picked":"Bouncing Flask","floor":6},{"not_picked":["Dagger Throw","Wraith Form v2"],"picked":"Predator","floor":7},{"not_picked":["Flying Knee","Deadly Poison"],"picked":"Dodge and Roll","floor":8},{"not_picked":["Flechettes","Outmaneuver"],"picked":"Poisoned Stab","floor":10},{"not_picked":["Quick Slash","Deflect"],"picked":"Deadly Poison","floor":11},{"not_picked":["Blade Dance","Flying Knee"],"picked":"All Out Attack","floor":12},{"not_picked":["Deadly Poison","Dagger Throw","Quick Slash"],"picked":"SKIP","floor":13},{"not_picked":["Bane","Choke"],"picked":"PiercingWail","floor":14}],"player_experience":4575300,"relics_obtained":[{"floor":7,"key":"Darkstone Periapt"},{"floor":9,"key":"Bottled Flame"},{"floor":11,"key":"Happy Flower"}],"event_choices":[{"damage_healed":0,"gold_gain":0,"player_choice":"Rummage","damage_taken":0,"relics_obtained":["WarpedTongs"],"max_hp_gain":0,"max_hp_loss":0,"event_name":"Accursed Blacksmith","floor":2,"gold_loss":0,"cards_obtained":["Pain"]}],"is_beta":false,"boss_relics":[],"items_purged_floors":[5],"is_endless":false,"potions_floor_spawned":[1,4,6,8,12,14],"killed_by":"Slime Boss","ascension_level":15}