{"gold_per_floor":[16,16,36,36,52,52,70,97,145,157,187,197,225,239,239,313,313,313,313,313,313,313,313,313,313,313,313,171,171,171,71,71,71,71,71,71,0,0,0,0,0,0,0,0,0,0,0,0,0,0],"floor_reached":51,"playtime":2840,"items_purged":["Strike_G","Parasite"],"score":1311,"play_id":"c92b3eaf-81cb-4865-845c-5f69dced932b","local_time":"20210129194307","is_ascension_mode":true,"campfire_choices":[{"data":"Skewer","floor":6.0,"key":"SMITH"},{"data":"Deadly Poison","floor":15.0,"key":"SMITH"},{"data":"Malaise","floor":23.0,"key":"SMITH"},{"floor":32.0,"key":"REST"},{"data":"Footwork","floor":49,"key":"SMITH"}],"neow_cost":"NO_GOLD","seed_source_timestamp":0,"circlet_count":0,"master_deck":["AscendersBane","Strike_G","Strike_G","Strike_G","Defend_G","Defend_G","Defend_G","Defend_G","Defend_G","Survivor","Neutralize","Deflect","Skewer+1","Cloak And Dagger","Deadly Poison+1","Leg Sweep","Sucker Punch+1","PiercingWail","Heel Hook+1","Blur","Dagger Spray+1","Malaise+1","Backflip","Poisoned Stab+1","Escape Plan","Footwork+1","Adrenaline","Backflip","Bullet Time","Footwork+1","Predator+1","Crippling Poison","Deflect","Envenom"],"special_seed":0,"relics":["Ring of the Snake","WarpedTongs","Molten Egg 2","Akabeko","Centennial Puzzle","Letter Opener","Ectoplasm","Pocketwatch","Bag of Preparation","Philosopher\u0027s Stone","MealTicket","Snake Skull","Pear","Vajra"],"potions_floor_usage":[50],"damage_taken":[{"damage":5.0,"enemies":"Small Slimes","floor":1.0,"turns":7.0},{"damage":7.0,"enemies":"Cultist","floor":3.0,"turns":4.0},{"damage":0.0,"enemies":"Jaw Worm","floor":5.0,"turns":4.0},{"damage":0.0,"enemies":"Red Slaver","floor":7.0,"turns":5.0},{"damage":22.0,"enemies":"Lagavulin","floor":8.0,"turns":7.0},{"damage":0.0,"enemies":"Exordium Wildlife","floor":10.0,"turns":4.0},{"damage":2.0,"enemies":"3 Sentries","floor":11.0,"turns":7.0},{"damage":0.0,"enemies":"Gremlin Gang","floor":12.0,"turns":6.0},{"damage":14.0,"enemies":"Lagavulin","floor":13.0,"turns":5.0},{"damage":0.0,"enemies":"Blue Slaver","floor":14.0,"turns":3.0},{"damage":10.0,"enemies":"Hexaghost","floor":16.0,"turns":12.0},{"damage":0.0,"enemies":"Chosen","floor":18.0,"turns":4.0},{"damage":0.0,"enemies":"Shell Parasite","floor":19.0,"turns":6.0},{"damage":3.0,"enemies":"Centurion and Healer","floor":21.0,"turns":8.0},{"damage":0.0,"enemies":"Snecko","floor":22.0,"turns":7.0},{"damage":10.0,"enemies":"Gremlin Leader","floor":24.0,"turns":7.0},{"damage":5.0,"enemies":"Shelled Parasite and Fungi","floor":25.0,"turns":6.0},{"damage":0.0,"enemies":"3 Cultists","floor":27.0,"turns":4.0},{"damage":0.0,"enemies":"Sentry and Sphere","floor":29.0,"turns":6.0},{"damage":5.0,"enemies":"Cultist and Chosen","floor":30.0,"turns":4.0},{"damage":8.0,"enemies":"Champ","floor":33.0,"turns":12.0},{"damage":2.0,"enemies":"3 Shapes","floor":35.0,"turns":3.0},{"damage":0.0,"enemies":"Orb Walker","floor":38.0,"turns":3.0},{"damage":3.0,"enemies":"Jaw Worm Horde","floor":39.0,"turns":2.0},{"damage":14.0,"enemies":"Reptomancer","floor":40.0,"turns":9.0},{"damage":5.0,"enemies":"Sphere and 2 Shapes","floor":41.0,"turns":4.0},{"damage":14,"enemies":"Nemesis","floor":42,"turns":7},{"damage":14,"enemies":"Spire Growth","floor":45,"turns":6},{"damage":27,"enemies":"Giant Head","floor":46,"turns":8},{"damage":1,"enemies":"Awakened One","floor":50,"turns":15}],"seed_played":"-2080558829964921090","potions_obtained":[{"floor":1.0,"key":"Strength Potion"},{"floor":7.0,"key":"LiquidMemories"},{"floor":10.0,"key":"DistilledChaos"},{"floor":11.0,"key":"BlessingOfTheForge"},{"floor":13.0,"key":"SkillPotion"},{"floor":18.0,"key":"FairyPotion"},{"floor":21.0,"key":"LiquidMemories"},{"floor":22.0,"key":"DuplicationPotion"},{"floor":25.0,"key":"CultistPotion"},{"floor":38.0,"key":"Explosive Potion"},{"floor":40.0,"key":"CunningPotion"}],"is_trial":false,"path_per_floor":["M","?","M","?","M","R","M","E","T","M","E","M","E","M","R","B",null,"M","M","?","M","M","R","E","M","T","M","$","M","M","$","R","B",null,"M","?","$","M","M","E","M","E","T","$","M","E","?","?","R","B",null],"character_chosen":"THE_SILENT","items_purchased":["Footwork","Bullet Time"],"campfire_rested":1,"item_purchase_floors":[28,37],"current_hp_per_floor":[66,66,59,59,59,59,59,37,37,37,35,35,21,21,21,11,61,61,61,57,54,54,54,44,39,39,39,39,39,34,34,56,48,68,66,66,66,66,63,49,44,30,40,55,41,14,70,70,70,69],"gold":0,"neow_bonus":"TWENTY_PERCENT_HP_BONUS","is_prod":false,"is_daily":false,"chose_seed":false,"campfire_upgraded":4,"win_rate":0,"timestamp":1611978187,"path_taken":["M","?","?","?","?","R","M","E","T","M","E","?","E","M","R","BOSS","M","M","?","?","M","R","E","M","T","M","$","M","M","$","R","BOSS","M","?","$","M","?","E","M","E","T","$","M","E","?","?","R","BOSS"],"build_version":"2020-12-22","purchased_purges":2,"victory":true,"max_hp_per_floor":[78,78,78,78,78,78,78,78,78,78,78,78,78,78,78,78,78,78,78,78,78,78,78,78,78,78,78,78,78,78,75,75,75,75,75,75,75,75,75,75,75,75,85,85,85,85,70,70,70,70],"card_choices":[{"not_picked":["Riddle With Holes","Prepared"],"picked":"Deflect","floor":1.0},{"not_picked":["Flechettes","Backflip"],"picked":"Skewer","floor":3.0},{"not_picked":["Eviscerate","Catalyst"],"picked":"Cloak And Dagger","floor":5.0},{"not_picked":["Quick Slash","Caltrops"],"picked":"Deadly Poison","floor":7.0},{"not_picked":["Backflip","Blade Dance"],"picked":"Leg Sweep","floor":8.0},{"not_picked":["Concentrate","Blade Dance"],"picked":"Sucker Punch+1","floor":10.0},{"not_picked":["Sucker Punch+1","Doppelganger"],"picked":"PiercingWail","floor":11.0},{"not_picked":["Deflect","Bane+1"],"picked":"Heel Hook+1","floor":12.0},{"not_picked":["Deflect","Sucker Punch+1"],"picked":"Blur","floor":13.0},{"not_picked":["Blade Dance","Deadly Poison"],"picked":"Dagger Spray+1","floor":14.0},{"not_picked":["Storm of Steel","Grand Finale+1"],"picked":"Malaise","floor":16.0},{"not_picked":["Slice+1","Dagger Spray+1"],"picked":"Backflip","floor":18.0},{"not_picked":["Bane+1","Choke+1","Poisoned Stab+1"],"picked":"SKIP","floor":19.0},{"not_picked":["Bane+1","Choke+1"],"picked":"Poisoned Stab+1","floor":19.0},{"not_picked":["Flying Knee+1","Setup","Blade Dance"],"picked":"SKIP","floor":21.0},{"not_picked":["Cloak And Dagger","All Out Attack+1"],"picked":"Escape Plan","floor":22.0},{"not_picked":["Endless Agony+1","Dagger Throw+1","Prepared"],"picked":"SKIP","floor":24.0},{"not_picked":["Cloak And Dagger","Dagger Spray+1","Underhanded Strike+1"],"picked":"SKIP","floor":25.0},{"not_picked":["Underhanded Strike+1","Dagger Throw+1","Deflect"],"picked":"SKIP","floor":27.0},{"not_picked":["Accuracy","Storm of Steel","Finisher+1"],"picked":"SKIP","floor":29.0},{"not_picked":["Quick Slash+1","Underhanded Strike+1","Prepared"],"picked":"SKIP","floor":30.0},{"not_picked":["Phantasmal Killer","Night Terror"],"picked":"Adrenaline","floor":33.0},{"not_picked":["PiercingWail","Riddle With Holes+1"],"picked":"Backflip","floor":35.0},{"not_picked":["Prepared","Slice+1","Outmaneuver"],"picked":"SKIP","floor":38.0},{"not_picked":["Dodge and Roll+1","Sucker Punch+1"],"picked":"Footwork","floor":39.0},{"not_picked":["Flying Knee+1","Dodge and Roll"],"picked":"Predator+1","floor":40.0},{"not_picked":["Deadly Poison","Acrobatics"],"picked":"Crippling Poison","floor":41.0},{"not_picked":["Sucker Punch+1","Bane+1"],"picked":"Deflect","floor":42},{"not_picked":["Outmaneuver","Prepared"],"picked":"Envenom","floor":45},{"not_picked":["Outmaneuver","Setup","Sucker Punch+1"],"picked":"SKIP","floor":46}],"player_experience":4722503,"relics_obtained":[{"floor":8.0,"key":"Molten Egg 2"},{"floor":9.0,"key":"Akabeko"},{"floor":11.0,"key":"Centennial Puzzle"},{"floor":13.0,"key":"Letter Opener"},{"floor":24.0,"key":"Pocketwatch"},{"floor":26.0,"key":"Bag of Preparation"},{"floor":40.0,"key":"MealTicket"},{"floor":42,"key":"Snake Skull"},{"floor":43,"key":"Pear"},{"floor":46,"key":"Vajra"}],"event_choices":[{"damage_healed":0.0,"max_hp_gain":0.0,"max_hp_loss":0.0,"gold_gain":0.0,"event_name":"Accursed Blacksmith","player_choice":"Rummage","floor":2.0,"gold_loss":0.0,"damage_taken":0.0,"relics_obtained":["WarpedTongs"],"cards_obtained":["Pain"]},{"damage_healed":0.0,"max_hp_gain":0.0,"max_hp_loss":0.0,"gold_gain":0.0,"cards_transformed":["Pain"],"event_name":"Transmorgrifier","player_choice":"Transformed","floor":4.0,"gold_loss":0.0,"damage_taken":0.0,"cards_obtained":["Parasite"]},{"damage_healed":0.0,"max_hp_gain":0.0,"max_hp_loss":0.0,"gold_gain":0.0,"event_name":"The Woman in Blue","player_choice":"Bought 0 Potions","floor":20.0,"gold_loss":0.0,"damage_taken":0.0},{"damage_healed":0.0,"max_hp_gain":0.0,"max_hp_loss":0.0,"gold_gain":0.0,"event_name":"Upgrade Shrine","player_choice":"Upgraded","floor":36.0,"gold_loss":0.0,"damage_taken":0.0,"cards_upgraded":["Footwork"]},{"damage_healed":70,"gold_gain":0,"player_choice":"Heal","damage_taken":0,"max_hp_gain":0,"max_hp_loss":15,"event_name":"The Moai Head","floor":47,"gold_loss":0},{"cards_removed":["Strike_G"],"damage_healed":0,"gold_gain":0,"player_choice":"Purged","damage_taken":0,"max_hp_gain":0,"max_hp_loss":0,"event_name":"Purifier","floor":48,"gold_loss":0}],"is_beta":false,"boss_relics":[{"not_picked":["SacredBark","Busted Crown"],"picked":"Ectoplasm"},{"not_picked":["Cursed Key","Velvet Choker"],"picked":"Philosopher\u0027s Stone"}],"items_purged_floors":[28,31],"is_endless":false,"potions_floor_spawned":[1,7,10,11,13,18,21,22,25,38,40,41],"ascension_level":15}