{"gold_per_floor":[368,384,534,534,534,564,564,592,619,631,344,344,359,373,373,447,447,465,527,577,577],"floor_reached":21,"playtime":817,"items_purged":["Doubt"],"score":356,"play_id":"dccb2563-7e99-4ef1-9a1e-971550fc1a4e","local_time":"20210226210450","is_ascension_mode":true,"campfire_choices":[{"floor":7.0,"key":"REST"},{"data":"Neutralize","floor":12.0,"key":"SMITH"},{"data":"Catalyst","floor":15.0,"key":"SMITH"}],"neow_cost":"TEN_PERCENT_HP_LOSS","seed_source_timestamp":1342373936810800,"circlet_count":0,"master_deck":["AscendersBane","Defend_G","Defend_G","Defend_G","Defend_G","Defend_G","Survivor","Neutralize+1","Dash","Deadly Poison","Poisoned Stab+1","Blade Dance","Catalyst+1","Caltrops","Bouncing Flask","Unload","Crippling Poison","Backflip+1","Bite","Bite","Bite","Bite","Bite"],"special_seed":0,"relics":["Ring of the Snake","SsserpentHead","Whetstone","Dream Catcher","Omamori","Philosopher\u0027s Stone"],"potions_floor_usage":[21,21],"damage_taken":[{"damage":6.0,"enemies":"Cultist","floor":1.0,"turns":7.0},{"damage":0.0,"enemies":"Jaw Worm","floor":2.0,"turns":4.0},{"damage":27.0,"enemies":"3 Sentries","floor":6.0,"turns":12.0},{"damage":18.0,"enemies":"Gremlin Nob","floor":8.0,"turns":4.0},{"damage":2.0,"enemies":"Small Slimes","floor":10.0,"turns":3.0},{"damage":1.0,"enemies":"3 Louse","floor":13.0,"turns":3.0},{"damage":0.0,"enemies":"2 Fungi Beasts","floor":14.0,"turns":3.0},{"damage":12.0,"enemies":"The Guardian","floor":16.0,"turns":6.0},{"damage":19.0,"enemies":"3 Byrds","floor":18.0,"turns":4.0},{"damage":27.0,"enemies":"2 Thieves","floor":19.0,"turns":4.0},{"damage":15,"enemies":"3 Cultists","floor":21,"turns":3}],"seed_played":"2211486191873308107","potions_obtained":[{"floor":2.0,"key":"ColorlessPotion"},{"floor":13.0,"key":"Energy Potion"}],"is_trial":false,"path_per_floor":["M","M","?","?","?","E","R","E","T","M","$","R","M","M","R","B",null,"M","M","?","M"],"character_chosen":"THE_SILENT","items_purchased":["Caltrops","Bouncing Flask","PowerPotion"],"campfire_rested":1,"item_purchase_floors":[11,11,11],"current_hp_per_floor":[53,53,53,53,53,26,44,26,26,24,24,24,23,23,23,11,48,29,2,2,0],"gold":577,"neow_bonus":"TWO_FIFTY_GOLD","is_prod":false,"is_daily":false,"chose_seed":false,"campfire_upgraded":2,"win_rate":0,"timestamp":1614402290,"path_taken":["M","M","?","?","?","E","R","E","T","M","$","R","M","M","R","BOSS","M","?","?","M"],"build_version":"2020-12-22","purchased_purges":1,"victory":false,"max_hp_per_floor":[60,60,60,60,60,60,60,60,60,60,60,60,60,60,60,60,60,60,60,42,42],"card_choices":[{"not_picked":["Sucker Punch","Dodge and Roll"],"picked":"Dash","floor":1.0},{"not_picked":["Prepared","Acrobatics"],"picked":"Deadly Poison","floor":2.0},{"not_picked":["Malaise","Bane"],"picked":"Poisoned Stab","floor":6.0},{"not_picked":["Underhanded Strike","Prepared"],"picked":"Blade Dance","floor":8.0},{"not_picked":["Dodge and Roll","Eviscerate"],"picked":"Catalyst","floor":10.0},{"not_picked":["Concentrate","Finisher","Heel Hook"],"picked":"SKIP","floor":13.0},{"not_picked":["Dagger Spray","Masterful Stab","Eviscerate"],"picked":"SKIP","floor":14.0},{"not_picked":["Dagger Spray","Masterful Stab","Eviscerate"],"picked":"SKIP","floor":14.0},{"not_picked":["Envenom","A Thousand Cuts"],"picked":"Unload","floor":16.0},{"not_picked":["Underhanded Strike","Finisher"],"picked":"Crippling Poison","floor":18.0},{"not_picked":["Setup","Bouncing Flask"],"picked":"Backflip+1","floor":19.0}],"player_experience":4772009,"relics_obtained":[{"floor":6.0,"key":"Whetstone"},{"floor":8.0,"key":"Dream Catcher"},{"floor":9.0,"key":"Omamori"}],"event_choices":[{"damage_healed":0.0,"max_hp_gain":0.0,"max_hp_loss":0.0,"gold_gain":150.0,"event_name":"Liars Game","player_choice":"AGREE","floor":3.0,"gold_loss":0.0,"damage_taken":0.0,"cards_obtained":["Doubt"]},{"damage_healed":0.0,"max_hp_gain":0.0,"max_hp_loss":0.0,"gold_gain":0.0,"event_name":"Scrap Ooze","player_choice":"Fled","floor":4.0,"gold_loss":0.0,"damage_taken":0.0},{"damage_healed":0.0,"max_hp_gain":0.0,"max_hp_loss":0.0,"gold_gain":0.0,"event_name":"FaceTrader","player_choice":"Trade","floor":5.0,"gold_loss":0.0,"damage_taken":0.0,"relics_obtained":["SsserpentHead"]},{"damage_healed":0.0,"max_hp_gain":0.0,"max_hp_loss":18.0,"gold_gain":0.0,"event_name":"Vampires","player_choice":"Became a vampire","floor":20.0,"gold_loss":0.0,"damage_taken":0.0,"cards_obtained":["Bite","Bite","Bite","Bite","Bite"]}],"is_beta":false,"boss_relics":[{"not_picked":["Runic Dome","Sozu"],"picked":"Philosopher\u0027s Stone"}],"items_purged_floors":[11],"is_endless":false,"potions_floor_spawned":[2,13],"killed_by":"3 Cultists","ascension_level":15}