{"gold_per_floor":[109,209,222,22,34,34,65,65,65,65,75,106,86,114,114,188,188,199,216,266,286,64,96,109,124,124,124],"floor_reached":27,"playtime":1040,"items_purged":["Strike_G"],"score":443,"play_id":"ddb0b4aa-7b98-4bd8-9ee9-6bdfb591858d","local_time":"20210226212701","is_ascension_mode":true,"campfire_choices":[{"data":"Neutralize","floor":6.0,"key":"SMITH"},{"data":"Footwork","floor":10.0,"key":"SMITH"},{"data":"Dagger Throw","floor":15.0,"key":"SMITH"}],"neow_cost":"NONE","seed_source_timestamp":1343300040331900,"circlet_count":0,"master_deck":["AscendersBane","Strike_G+1","Strike_G+1","Strike_G","Strike_G","Defend_G","Defend_G","Defend_G","Defend_G","Defend_G","Survivor","Neutralize+1","Riddle With Holes","Footwork+1","Deadly Poison","Calculated Gamble","Dagger Throw+1","Flying Knee","Venomology","Sucker Punch+1","Backflip","Blade Dance","PiercingWail","Slice"],"special_seed":0,"relics":["Ring of the Snake","Pen Nib","Toy Ornithopter","Kunai","Juzu Bracelet","Whetstone","Ancient Tea Set","WristBlade","PreservedInsect","Tiny Chest","Meat on the Bone"],"potions_floor_usage":[25,25,27],"damage_taken":[{"damage":2.0,"enemies":"Jaw Worm","floor":1.0,"turns":4.0},{"damage":0.0,"enemies":"Cultist","floor":3.0,"turns":3.0},{"damage":0.0,"enemies":"Small Slimes","floor":5.0,"turns":4.0},{"damage":5.0,"enemies":"Gremlin Nob","floor":7.0,"turns":3.0},{"damage":9.0,"enemies":"Blue Slaver","floor":11.0,"turns":6.0},{"damage":11.0,"enemies":"Lagavulin","floor":12.0,"turns":10.0},{"damage":8.0,"enemies":"Gremlin Nob","floor":14.0,"turns":4.0},{"damage":28.0,"enemies":"Slime Boss","floor":16.0,"turns":9.0},{"damage":14.0,"enemies":"Shell Parasite","floor":18.0,"turns":6.0},{"damage":2.0,"enemies":"Chosen","floor":19.0,"turns":5.0},{"damage":23.0,"enemies":"Snake Plant","floor":21.0,"turns":6.0},{"damage":15.0,"enemies":"Book of Stabbing","floor":23.0,"turns":5.0},{"damage":45.0,"enemies":"Shelled Parasite and Fungi","floor":24.0,"turns":6.0},{"damage":14,"enemies":"Sentry and Sphere","floor":25,"turns":6},{"damage":22,"enemies":"Slavers","floor":27,"turns":4}],"seed_played":"-7689575027585471763","potions_obtained":[{"floor":1.0,"key":"EssenceOfSteel"},{"floor":5.0,"key":"CunningPotion"},{"floor":7.0,"key":"SmokeBomb"},{"floor":13.0,"key":"PowerPotion"},{"floor":16.0,"key":"FairyPotion"},{"floor":19.0,"key":"Energy Potion"},{"floor":23.0,"key":"Regen Potion"}],"is_trial":false,"path_per_floor":["M","?","M","$","M","R","E","?","T","R","M","E","?","E","R","B",null,"M","M","?","M","$","E","M","M","T","E"],"character_chosen":"THE_SILENT","items_purchased":["Toy Ornithopter","Explosive Potion","PreservedInsect"],"campfire_rested":0,"item_purchase_floors":[4,4,22],"current_hp_per_floor":[57,57,57,57,57,57,57,57,57,57,48,37,37,34,34,11,52,43,41,41,23,23,18,19,15,15,0],"gold":124,"neow_bonus":"RANDOM_COMMON_RELIC","is_prod":false,"is_daily":false,"chose_seed":false,"campfire_upgraded":3,"win_rate":0,"timestamp":1614403621,"path_taken":["M","?","?","$","M","R","E","?","T","R","M","E","?","E","R","BOSS","M","M","?","M","$","E","M","M","T","E"],"build_version":"2020-12-22","purchased_purges":1,"victory":false,"max_hp_per_floor":[66,66,66,66,66,66,66,66,66,66,66,66,66,66,66,66,66,66,66,66,66,66,66,66,66,66,66],"card_choices":[{"not_picked":["Tactician","Acrobatics"],"picked":"Riddle With Holes","floor":1.0},{"not_picked":["Quick Slash","Prepared"],"picked":"Footwork","floor":3.0},{"not_picked":["Flechettes","Outmaneuver"],"picked":"Deadly Poison","floor":5.0},{"not_picked":["Acrobatics","Expertise"],"picked":"Calculated Gamble","floor":7.0},{"not_picked":["Bouncing Flask","Crippling Poison"],"picked":"Dagger Throw","floor":11.0},{"not_picked":["Choke","Envenom"],"picked":"Flying Knee","floor":12.0},{"not_picked":["Deadly Poison","Riddle With Holes","Calculated Gamble"],"picked":"SKIP","floor":14.0},{"not_picked":["A Thousand Cuts","Phantasmal Killer"],"picked":"Venomology","floor":16.0},{"not_picked":["Outmaneuver+1","Eviscerate","Flying Knee"],"picked":"SKIP","floor":18.0},{"not_picked":["Poisoned Stab","Footwork"],"picked":"Sucker Punch+1","floor":19.0},{"not_picked":["Deflect","Night Terror"],"picked":"Backflip","floor":21.0},{"not_picked":["Acrobatics","Doppelganger"],"picked":"Blade Dance","floor":23.0},{"not_picked":["Blade Dance","Footwork+1"],"picked":"PiercingWail","floor":24.0},{"not_picked":["Reflex","Noxious Fumes"],"picked":"Slice","floor":25}],"player_experience":4772826,"relics_obtained":[{"floor":7.0,"key":"Kunai"},{"floor":9.0,"key":"Juzu Bracelet"},{"floor":12.0,"key":"Whetstone"},{"floor":14.0,"key":"Ancient Tea Set"},{"floor":23.0,"key":"Tiny Chest"},{"floor":26,"key":"Meat on the Bone"}],"event_choices":[{"damage_healed":0.0,"max_hp_gain":0.0,"max_hp_loss":0.0,"gold_gain":100.0,"event_name":"Wheel of Change","player_choice":"Gold","floor":2.0,"gold_loss":0.0,"damage_taken":0.0},{"damage_healed":0.0,"max_hp_gain":0.0,"max_hp_loss":0.0,"gold_gain":0.0,"event_name":"The Cleric","player_choice":"Leave","floor":8.0,"gold_loss":0.0,"damage_taken":0.0},{"damage_healed":0.0,"max_hp_gain":0.0,"max_hp_loss":0.0,"gold_gain":0.0,"event_name":"The Woman in Blue","player_choice":"Bought 1 Potion","floor":13.0,"gold_loss":0.0,"damage_taken":0.0},{"damage_healed":0.0,"max_hp_gain":0.0,"max_hp_loss":0.0,"gold_gain":50.0,"event_name":"Nest","player_choice":"Stole From Cult","floor":20.0,"gold_loss":0.0,"damage_taken":0.0}],"is_beta":false,"boss_relics":[{"not_picked":["HoveringKite","Calling Bell"],"picked":"WristBlade"}],"items_purged_floors":[22],"is_endless":false,"potions_floor_spawned":[1,5,7,16,19,23],"killed_by":"Slavers","ascension_level":15}