{"gold_per_floor":[109,109,55,71,89,89,123,139,139,139,165,165,195,137,137,214,214,230,230,155,173,73,105,105,136,160,160,194,19,28,53,53,140,140,163,173,197,1214,667,695,757,757,757,162,162,196,196,239,239,239],"floor_reached":51,"playtime":1942,"items_purged":["Strike_G","Strike_G","Strike_G","Normality","Normality"],"score":1528,"play_id":"3f376306-5882-41b1-a190-d4587cef5d95","local_time":"20210404152700","is_ascension_mode":true,"campfire_choices":[{"data":"Deadly Poison","floor":6.0,"key":"SMITH"},{"data":"Riddle With Holes","floor":10.0,"key":"SMITH"},{"floor":15.0,"key":"REST"},{"data":"Wraith Form v2","floor":27.0,"key":"SMITH"},{"data":"Noxious Fumes","floor":32.0,"key":"SMITH"},{"data":"Catalyst","floor":42,"key":"SMITH"},{"data":"Bouncing Flask","floor":45,"key":"SMITH"},{"data":"Blind","floor":47,"key":"SMITH"},{"floor":49,"key":"REST"}],"neow_cost":"NONE","seed_source_timestamp":1007848126022500,"circlet_count":0,"master_deck":["AscendersBane","Strike_G","Strike_G","Defend_G","Defend_G","Defend_G","Defend_G","Defend_G","Survivor","Neutralize","Deadly Poison+1","Sucker Punch","Cloak And Dagger","All Out Attack+1","Dagger Throw+1","Bouncing Flask+1","Catalyst+1","Glass Knife+1","CurseOfTheBell","Noxious Fumes+1","Prepared+1","Slice+1","Wraith Form v2+1","Underhanded Strike+1","Catalyst","Deflect","Corpse Explosion","Quick Slash+1","Backflip","Acrobatics","Well Laid Plans+1","Blind+1","Predator+1","PiercingWail"],"special_seed":0,"relics":["Ring of the Snake","Molten Egg 2","Pear","Ginger","Snake Skull","Calling Bell","Anchor","HornCleat","Gambling Chip","Ancient Tea Set","Ornamental Fan","Shovel","CeramicFish","Centennial Puzzle","Busted Crown","TheAbacus","Ninja Scroll","Darkstone Periapt","Tough Bandages","Gremlin Horn","Frozen Egg 2","Regal Pillow","Ice Cream"],"potions_floor_usage":[40,50,50],"damage_taken":[{"damage":1.0,"enemies":"Small Slimes","floor":1.0,"turns":5.0},{"damage":0.0,"enemies":"Cultist","floor":4.0,"turns":3.0},{"damage":0.0,"enemies":"2 Louse","floor":5.0,"turns":3.0},{"damage":29.0,"enemies":"Gremlin Nob","floor":7.0,"turns":5.0},{"damage":0.0,"enemies":"2 Fungi Beasts","floor":8.0,"turns":2.0},{"damage":35.0,"enemies":"Lagavulin","floor":11.0,"turns":6.0},{"damage":21.0,"enemies":"3 Sentries","floor":13.0,"turns":6.0},{"damage":13.0,"enemies":"The Guardian","floor":16.0,"turns":7.0},{"damage":10.0,"enemies":"Spheric Guardian","floor":18.0,"turns":4.0},{"damage":0.0,"enemies":"3 Byrds","floor":21.0,"turns":4.0},{"damage":8.0,"enemies":"Slavers","floor":23.0,"turns":5.0},{"damage":11.0,"enemies":"Book of Stabbing","floor":25.0,"turns":5.0},{"damage":11.0,"enemies":"Gremlin Leader","floor":28.0,"turns":4.0},{"damage":2.0,"enemies":"3 Cultists","floor":31.0,"turns":4.0},{"damage":10.0,"enemies":"Collector","floor":33.0,"turns":8.0},{"damage":7.0,"enemies":"3 Darklings","floor":35.0,"turns":3.0},{"damage":14.0,"enemies":"3 Shapes","floor":36.0,"turns":2.0},{"damage":0.0,"enemies":"3 Darklings","floor":37.0,"turns":1.0},{"damage":2,"enemies":"Reptomancer","floor":40,"turns":4},{"damage":0,"enemies":"2 Orb Walkers","floor":41,"turns":3},{"damage":0,"enemies":"Nemesis","floor":46,"turns":5},{"damage":0,"enemies":"Giant Head","floor":48,"turns":7},{"damage":18,"enemies":"Donu and Deca","floor":50,"turns":6}],"seed_played":"-3771143127033196607","potions_obtained":[{"floor":0.0,"key":"FairyPotion"},{"floor":0.0,"key":"SpeedPotion"},{"floor":2.0,"key":"Explosive Potion"},{"floor":16.0,"key":"DuplicationPotion"},{"floor":18.0,"key":"GhostInAJar"},{"floor":25.0,"key":"DuplicationPotion"},{"floor":37.0,"key":"PowerPotion"},{"floor":41,"key":"Energy Potion"}],"is_trial":false,"path_per_floor":["M","?","$","M","M","R","E","M","T","R","E","?","E","?","R","B",null,"M","?","$","M","$","E","T","E","T","R","E","$","?","M","R","B",null,"M","M","M","?","$","E","?","R","T","$","R","E","R","E","R","B",null],"character_chosen":"THE_SILENT","items_purchased":["Sucker Punch","SpeedPotion","TheAbacus","Ninja Scroll","Frozen Egg 2","Well Laid Plans+1","Blind","Predator+1"],"campfire_rested":2,"item_purchase_floors":[3,29,39,39,44,44,44,44],"current_hp_per_floor":[58,58,58,58,58,58,29,29,39,39,4,4,11,11,33,20,62,52,76,76,76,76,68,68,57,57,57,46,46,46,44,44,34,66,59,45,45,45,45,43,43,43,43,43,43,43,43,43,76,58],"gold":239,"neow_bonus":"THREE_SMALL_POTIONS","is_prod":false,"is_daily":false,"chose_seed":false,"campfire_upgraded":7,"win_rate":0,"timestamp":1617575220,"path_taken":["M","?","?","M","M","R","E","M","T","R","E","?","E","?","R","BOSS","M","?","?","M","$","E","?","E","T","R","E","$","?","M","R","BOSS","M","M","?","?","$","E","?","R","T","$","R","E","R","E","R","BOSS"],"build_version":"2020-12-22","purchased_purges":5,"victory":true,"max_hp_per_floor":[66,66,66,66,66,66,66,66,76,76,76,76,76,76,76,76,76,76,76,76,76,76,76,76,76,76,76,76,76,76,76,76,76,76,76,76,76,76,76,76,76,76,76,76,76,76,76,76,76,76],"card_choices":[{"not_picked":["Outmaneuver","Dodge and Roll"],"picked":"Deadly Poison","floor":1.0},{"not_picked":["Expertise","Deflect"],"picked":"Cloak And Dagger","floor":4.0},{"not_picked":["Outmaneuver","Acrobatics"],"picked":"Riddle With Holes","floor":5.0},{"not_picked":["Catalyst","Cloak And Dagger"],"picked":"All Out Attack+1","floor":7.0},{"not_picked":["Prepared","Outmaneuver"],"picked":"Dagger Throw+1","floor":8.0},{"not_picked":["Concentrate","Envenom"],"picked":"Bouncing Flask","floor":11.0},{"not_picked":["Deadly Poison","Backflip"],"picked":"Catalyst","floor":13.0},{"not_picked":["Bullet Time","Corpse Explosion"],"picked":"Glass Knife+1","floor":16.0},{"not_picked":["Flying Knee+1","Riddle With Holes+1"],"picked":"Noxious Fumes","floor":18.0},{"not_picked":["Predator+1","Choke+1"],"picked":"Prepared+1","floor":21.0},{"not_picked":["Dodge and Roll","Dagger Spray+1"],"picked":"Slice+1","floor":23.0},{"not_picked":["Dodge and Roll","Calculated Gamble"],"picked":"Wraith Form v2","floor":25.0},{"not_picked":["Crippling Poison","Distraction"],"picked":"Underhanded Strike+1","floor":28.0},{"not_picked":["Dagger Spray+1","Sucker Punch+1"],"picked":"Deflect","floor":31.0},{"not_picked":["Doppelganger","Night Terror"],"picked":"Corpse Explosion","floor":33.0},{"not_picked":[],"picked":"Quick Slash+1","floor":35.0},{"not_picked":["Cloak And Dagger"],"picked":"SKIP","floor":36.0},{"not_picked":[],"picked":"Backflip","floor":37.0},{"not_picked":["Concentrate"],"picked":"SKIP","floor":40},{"not_picked":[],"picked":"Acrobatics","floor":41},{"not_picked":["Distraction"],"picked":"SKIP","floor":46},{"not_picked":[],"picked":"PiercingWail","floor":48}],"player_experience":4788322,"relics_obtained":[{"floor":7.0,"key":"Molten Egg 2"},{"floor":9.0,"key":"Pear"},{"floor":11.0,"key":"Ginger"},{"floor":13.0,"key":"Snake Skull"},{"floor":17.0,"key":"Anchor"},{"floor":17.0,"key":"HornCleat"},{"floor":17.0,"key":"Gambling Chip"},{"floor":23.0,"key":"Ancient Tea Set"},{"floor":24.0,"key":"Ornamental Fan"},{"floor":25.0,"key":"Shovel"},{"floor":26.0,"key":"CeramicFish"},{"floor":28.0,"key":"Centennial Puzzle"},{"floor":40,"key":"Darkstone Periapt"},{"floor":41,"key":"Tough Bandages"},{"floor":43,"key":"Gremlin Horn"},{"floor":46,"key":"Regal Pillow"},{"floor":48,"key":"Ice Cream"}],"event_choices":[{"damage_healed":0.0,"max_hp_gain":0.0,"max_hp_loss":0.0,"gold_gain":0.0,"event_name":"Lab","player_choice":"Got Potions","floor":2.0,"gold_loss":0.0,"damage_taken":0.0},{"damage_healed":0.0,"max_hp_gain":0.0,"max_hp_loss":0.0,"gold_gain":0.0,"event_name":"Liars Game","player_choice":"Ignored","floor":12.0,"gold_loss":0.0,"damage_taken":0.0},{"damage_healed":0.0,"max_hp_gain":0.0,"max_hp_loss":0.0,"gold_gain":0.0,"event_name":"World of Goop","player_choice":"Left Gold","floor":14.0,"gold_loss":58.0,"damage_taken":0.0},{"cards_removed":["Riddle With Holes"],"damage_healed":24.0,"max_hp_gain":0.0,"max_hp_loss":0.0,"gold_gain":0.0,"event_name":"Bonfire Elementals","player_choice":"Offered Uncommon","floor":19.0,"gold_loss":0.0,"damage_taken":0.0},{"damage_healed":0.0,"max_hp_gain":0.0,"max_hp_loss":0.0,"gold_gain":0.0,"event_name":"Duplicator","player_choice":"Copied","floor":30.0,"gold_loss":0.0,"damage_taken":0.0,"cards_obtained":["Catalyst"]},{"damage_healed":0.0,"max_hp_gain":0.0,"max_hp_loss":0.0,"gold_gain":999.0,"event_name":"MindBloom","player_choice":"Gold","floor":38.0,"gold_loss":0.0,"damage_taken":0.0,"cards_obtained":["Normality","Normality"]},{"damage_healed":0,"gold_gain":0,"player_choice":"Fight","damage_taken":0,"max_hp_gain":0,"max_hp_loss":0,"event_name":"Mysterious Sphere","floor":41,"gold_loss":0}],"is_beta":false,"boss_relics":[{"not_picked":["Black Star","Cursed Key"],"picked":"Calling Bell"},{"not_picked":["Astrolabe","Philosopher\u0027s Stone"],"picked":"Busted Crown"}],"items_purged_floors":[20,22,29,39,44],"is_endless":false,"potions_floor_spawned":[4,7,16,18,25,31,37,41,46,48],"ascension_level":15}