{"gold_per_floor":[215,233,253,108,108,138,138,138,164,194,220,266,293,250,262,348,360,390,402,269,269,281,281,314,163,189,208,110,126,160,170,170,246,246,259,259,277,277,79,107,107,127,176,176,192,192,211,211,211,211],"floor_reached":51,"playtime":2250,"items_purged":["Strike_G","Strike_G","Strike_G","Strike_G"],"score":1282,"play_id":"7df2a580-7d95-45f8-99d6-60f0cae71b29","local_time":"20210603172749","is_ascension_mode":true,"campfire_choices":[{"data":"Neutralize","floor":7.0,"key":"SMITH"},{"floor":15.0,"key":"REST"},{"floor":23.0,"key":"REST"},{"data":"Noxious Fumes","floor":32.0,"key":"SMITH"},{"data":"Venomology","floor":41.0,"key":"SMITH"},{"data":"Tools of the Trade","floor":44.0,"key":"SMITH"},{"floor":49,"key":"REST"}],"neow_cost":"NONE","seed_source_timestamp":36929468142300,"circlet_count":0,"master_deck":["AscendersBane","Defend_G","Defend_G","Defend_G","Defend_G","Survivor","Neutralize+1","Poisoned Stab+1","Dagger Spray","Cloak And Dagger","Escape Plan","Caltrops+1","Bouncing Flask","Cloak And Dagger","Burst","Backflip","PiercingWail+1","Noxious Fumes+1","Venomology+1","Tools of the Trade+1","Bane+1","PiercingWail","Flash of Steel","Expertise+1","Escape Plan+1","Dodge and Roll","PiercingWail","Backflip","Reflex+1"],"special_seed":0,"relics":["Ring of the Snake","Happy Flower","Toy Ornithopter","MawBank","Smiling Mask","SacredBark","Snake Skull","Nunchaku","Juzu Bracelet","HoveringKite","Dream Catcher","White Beast Statue","Bag of Preparation"],"potions_floor_usage":[47,50,50,50],"damage_taken":[{"damage":1.0,"enemies":"Small Slimes","floor":1.0,"turns":4.0},{"damage":0.0,"enemies":"2 Louse","floor":2.0,"turns":2.0},{"damage":3.0,"enemies":"Jaw Worm","floor":3.0,"turns":4.0},{"damage":28.0,"enemies":"Gremlin Nob","floor":6.0,"turns":4.0},{"damage":0.0,"enemies":"Blue Slaver","floor":10.0,"turns":3.0},{"damage":3.0,"enemies":"Large Slime","floor":11.0,"turns":6.0},{"damage":12.0,"enemies":"Lagavulin","floor":12.0,"turns":6.0},{"damage":3.0,"enemies":"Exordium Thugs","floor":13.0,"turns":4.0},{"damage":11.0,"enemies":"The Guardian","floor":16.0,"turns":9.0},{"damage":4.0,"enemies":"Chosen","floor":18.0,"turns":5.0},{"damage":0.0,"enemies":"Spheric Guardian","floor":22.0,"turns":3.0},{"damage":22.0,"enemies":"Gremlin Leader","floor":24.0,"turns":9.0},{"damage":2.0,"enemies":"Cultist and Chosen","floor":27.0,"turns":6.0},{"damage":1.0,"enemies":"Centurion and Healer","floor":29.0,"turns":8.0},{"damage":38.0,"enemies":"Slavers","floor":30.0,"turns":4.0},{"damage":11.0,"enemies":"Shelled Parasite and Fungi","floor":31.0,"turns":7.0},{"damage":45.0,"enemies":"Automaton","floor":33.0,"turns":9.0},{"damage":10.0,"enemies":"Orb Walker","floor":35.0,"turns":3.0},{"damage":30.0,"enemies":"3 Darklings","floor":37.0,"turns":6.0},{"damage":0.0,"enemies":"Reptomancer","floor":40.0,"turns":7.0},{"damage":17.0,"enemies":"Maw","floor":42.0,"turns":7.0},{"damage":8.0,"enemies":"Jaw Worm Horde","floor":45.0,"turns":4.0},{"damage":0.0,"enemies":"Sphere and 2 Shapes","floor":46.0,"turns":2.0},{"damage":16,"enemies":"Transient","floor":47,"turns":5},{"damage":48,"enemies":"Donu and Deca","floor":50,"turns":8}],"seed_played":"-1058381125659559693","potions_obtained":[{"floor":12.0,"key":"EssenceOfSteel"},{"floor":13.0,"key":"DistilledChaos"},{"floor":16.0,"key":"Energy Potion"},{"floor":29.0,"key":"LiquidMemories"},{"floor":30.0,"key":"Regen Potion"},{"floor":42.0,"key":"Energy Potion"},{"floor":45.0,"key":"SteroidPotion"},{"floor":47,"key":"SkillPotion"}],"is_trial":false,"path_per_floor":["M","M","M","$","?","E","R","?","T","M","M","E","M","?","R","B",null,"M","?","$","?","M","R","E","$","T","M","$","M","E","M","R","B",null,"M","?","M","?","$","E","R","M","T","R","M","M","M","?","R","B",null],"character_chosen":"THE_SILENT","items_purchased":["Happy Flower","Backflip","Explosive Potion","GhostInAJar","Block Potion","Dream Catcher"],"campfire_rested":3,"item_purchase_floors":[4,20,20,25,28,39],"current_hp_per_floor":[58,58,55,55,55,27,27,27,27,27,24,12,9,9,28,22,55,56,38,38,38,38,59,42,42,42,45,45,49,16,59,59,19,58,53,53,23,23,23,38,38,26,26,26,28,38,27,27,48,15],"gold":211,"neow_bonus":"HUNDRED_GOLD","is_prod":false,"is_daily":false,"chose_seed":false,"campfire_upgraded":4,"win_rate":0,"timestamp":1622766469,"path_taken":["M","M","M","$","?","E","R","?","T","M","?","E","M","?","R","BOSS","M","?","?","?","M","R","E","$","T","?","$","M","E","M","R","BOSS","M","?","M","?","$","E","R","M","T","R","M","M","M","?","R","BOSS"],"build_version":"2020-12-22","purchased_purges":4,"victory":true,"max_hp_per_floor":[66,66,66,66,66,66,66,66,66,66,66,66,66,66,66,66,66,66,71,71,71,71,71,71,71,71,71,71,71,71,71,71,71,71,71,71,71,71,71,71,71,71,71,71,71,71,71,71,71,71],"card_choices":[{"not_picked":["Dagger Throw","Reflex"],"picked":"Poisoned Stab","floor":1.0},{"not_picked":["Quick Slash","Slice"],"picked":"Dagger Spray","floor":2.0},{"not_picked":["Outmaneuver","Slice"],"picked":"Cloak And Dagger","floor":3.0},{"not_picked":["Dagger Throw","Flying Knee"],"picked":"Escape Plan","floor":6.0},{"not_picked":["Underhanded Strike","Tactician"],"picked":"Caltrops","floor":10.0},{"not_picked":["Dagger Throw","Dagger Spray"],"picked":"Bouncing Flask","floor":11.0},{"not_picked":["Concentrate","Choke","Night Terror"],"picked":"SKIP","floor":12.0},{"not_picked":["Tactician","Sucker Punch"],"picked":"Cloak And Dagger","floor":13.0},{"not_picked":["Unload","A Thousand Cuts"],"picked":"Burst","floor":16.0},{"not_picked":["Underhanded Strike","Bane","Cloak And Dagger"],"picked":"SKIP","floor":18.0},{"not_picked":["Acrobatics","Eviscerate","Bane"],"picked":"SKIP","floor":22.0},{"not_picked":["Underhanded Strike","Backflip"],"picked":"PiercingWail+1","floor":24.0},{"not_picked":["Outmaneuver+1","Infinite Blades","Dagger Spray"],"picked":"SKIP","floor":27.0},{"not_picked":["Blade Dance","PiercingWail"],"picked":"Noxious Fumes","floor":29.0},{"not_picked":["Blade Dance","Predator"],"picked":"Venomology","floor":30.0},{"not_picked":["Bouncing Flask","Bane","Setup"],"picked":"SKIP","floor":31.0},{"not_picked":["Grand Finale","Bullet Time"],"picked":"Tools of the Trade","floor":33.0},{"not_picked":["Flechettes","Bouncing Flask"],"picked":"Bane+1","floor":35.0},{"not_picked":["Underhanded Strike","Deflect"],"picked":"PiercingWail","floor":37.0},{"not_picked":["Jack Of All Trades","Discovery"],"picked":"Flash of Steel","floor":38.0},{"not_picked":["Quick Slash","Choke"],"picked":"Expertise+1","floor":40.0},{"not_picked":["Noxious Fumes","Prepared+1"],"picked":"Escape Plan+1","floor":42.0},{"not_picked":["Finisher+1","Acrobatics"],"picked":"Dodge and Roll","floor":45.0},{"not_picked":["Cloak And Dagger","Predator+1"],"picked":"PiercingWail","floor":47},{"not_picked":["Outmaneuver","Dagger Spray"],"picked":"Reflex+1","floor":49}],"player_experience":4841379,"relics_obtained":[{"floor":6.0,"key":"Toy Ornithopter"},{"floor":9.0,"key":"MawBank"},{"floor":12.0,"key":"Smiling Mask"},{"floor":24.0,"key":"Snake Skull"},{"floor":26.0,"key":"Nunchaku"},{"floor":30.0,"key":"Juzu Bracelet"},{"floor":40.0,"key":"White Beast Statue"},{"floor":43.0,"key":"Bag of Preparation"}],"event_choices":[{"damage_healed":0.0,"max_hp_gain":0.0,"max_hp_loss":0.0,"gold_gain":0.0,"event_name":"Liars Game","player_choice":"Ignored","floor":5.0,"gold_loss":0.0,"damage_taken":0.0},{"damage_healed":0.0,"max_hp_gain":0.0,"max_hp_loss":0.0,"gold_gain":0.0,"event_name":"Living Wall","player_choice":"Grow","floor":8.0,"gold_loss":0.0,"damage_taken":0.0,"cards_upgraded":["Poisoned Stab"]},{"damage_healed":0.0,"max_hp_gain":0.0,"max_hp_loss":0.0,"gold_gain":0.0,"event_name":"World of Goop","player_choice":"Left Gold","floor":14.0,"gold_loss":55.0,"damage_taken":0.0},{"damage_healed":0.0,"max_hp_gain":5.0,"max_hp_loss":0.0,"gold_gain":0.0,"event_name":"Forgotten Altar","player_choice":"Shed Blood","floor":19.0,"gold_loss":0.0,"damage_taken":23.0},{"damage_healed":0.0,"max_hp_gain":0.0,"max_hp_loss":0.0,"gold_gain":0.0,"event_name":"Upgrade Shrine","player_choice":"Upgraded","floor":21.0,"gold_loss":0.0,"damage_taken":0.0,"cards_upgraded":["Caltrops"]},{"cards_removed":["Strike_G"],"damage_healed":0.0,"max_hp_gain":0.0,"max_hp_loss":0.0,"gold_gain":0.0,"event_name":"Falling","player_choice":"Removed Attack","floor":36.0,"gold_loss":0.0,"damage_taken":0.0},{"damage_healed":0.0,"max_hp_gain":0.0,"max_hp_loss":0.0,"gold_gain":0.0,"event_name":"SensoryStone","player_choice":"Memory 1","floor":38.0,"gold_loss":0.0,"damage_taken":0.0},{"damage_healed":0,"gold_gain":0,"cards_transformed":["Defend_G"],"player_choice":"Transformed","damage_taken":0,"max_hp_gain":0,"max_hp_loss":0,"event_name":"Transmorgrifier","floor":48,"gold_loss":0,"cards_obtained":["Backflip"]}],"is_beta":false,"boss_relics":[{"not_picked":["Empty Cage","Runic Dome"],"picked":"SacredBark"},{"not_picked":["Fusion Hammer","Tiny House"],"picked":"HoveringKite"}],"items_purged_floors":[20,25,28,39],"is_endless":false,"potions_floor_spawned":[12,13,16,22,29,30,33,37,42,45,46,47],"ascension_level":15}