{"gold_per_floor":[15,27,27,27,41,41,82,107,107,138,213,249,265,281,281,371,371,392,372,397,397,249,249,249,125,125,158,171,171,189,219,219,293,293,304,304,55,72,3,29,29,63,89,119,136,170,64,76,76,76],"floor_reached":51,"playtime":1969,"items_purged":["Strike_G","Strike_G"],"score":1734,"play_id":"54b2f23b-9275-424b-bf91-513ecf331699","local_time":"20210601195647","is_ascension_mode":true,"campfire_choices":[{"data":"Blade Dance","floor":6.0,"key":"SMITH"},{"floor":15.0,"key":"REST"},{"data":"Malaise","floor":24,"key":"SMITH"},{"data":"Neutralize","floor":29,"key":"SMITH"},{"data":"Cloak And Dagger","floor":32,"key":"SMITH"},{"data":"Terror","floor":41,"key":"SMITH"},{"data":"Blade Dance","floor":49,"key":"SMITH"}],"neow_cost":"NO_GOLD","seed_source_timestamp":216274044297300,"circlet_count":0,"master_deck":["AscendersBane","Strike_G+1","Defend_G","Defend_G","Defend_G","Defend_G+1","Survivor","Neutralize+1","Escape Plan","Blade Dance+1","Backstab","Deflect","PiercingWail","Blur","All Out Attack","Blade Dance+1","Terror+1","Die Die Die","Blade Dance+1","Malaise+1","Blur","Cloak And Dagger+1","Backflip","Dodge and Roll","Finisher+1","Doppelganger+1","Venomology+1","Deflect+1","Backflip+1","Deflect+1","Crippling Poison+1","Dodge and Roll+1","Prepared+1","Choke+1","Quick Slash+1","Backflip+1","Dodge and Roll+1"],"special_seed":0,"relics":["Ring of the Snake","Bloody Idol","Kunai","Mercury Hourglass","Vajra","Art of War","Philosopher\u0027s Stone","Ninja Scroll","Toy Ornithopter","Sundial","Astrolabe","Toxic Egg 2","Ancient Tea Set","PreservedInsect","Anchor","Orichalcum","Singing Bowl"],"potions_floor_usage":[33,40,50,50,50,50],"damage_taken":[{"damage":0.0,"enemies":"Small Slimes","floor":1.0,"turns":4.0},{"damage":9.0,"enemies":"Jaw Worm","floor":2.0,"turns":4.0},{"damage":0.0,"enemies":"2 Louse","floor":5.0,"turns":4.0},{"damage":3.0,"enemies":"Gremlin Nob","floor":7.0,"turns":3.0},{"damage":0.0,"enemies":"Lots of Slimes","floor":8.0,"turns":4.0},{"damage":4.0,"enemies":"Lagavulin","floor":10.0,"turns":6.0},{"damage":8.0,"enemies":"Gremlin Nob","floor":12.0,"turns":4.0},{"damage":0.0,"enemies":"3 Louse","floor":13.0,"turns":1.0},{"damage":0.0,"enemies":"Blue Slaver","floor":14.0,"turns":1.0},{"damage":1.0,"enemies":"The Guardian","floor":16.0,"turns":9.0},{"damage":1.0,"enemies":"Shell Parasite","floor":18.0,"turns":3.0},{"damage":3,"enemies":"2 Thieves","floor":20,"turns":3},{"damage":0,"enemies":"Book of Stabbing","floor":27,"turns":7},{"damage":0,"enemies":"Snake Plant","floor":28,"turns":4},{"damage":0,"enemies":"Chosen and Byrds","floor":30,"turns":4},{"damage":8,"enemies":"Slavers","floor":31,"turns":4},{"damage":2,"enemies":"Champ","floor":33,"turns":13},{"damage":0,"enemies":"3 Darklings","floor":35,"turns":3},{"damage":0,"enemies":"Orb Walker","floor":38,"turns":2},{"damage":0,"enemies":"Reptomancer","floor":40,"turns":6},{"damage":0,"enemies":"Nemesis","floor":42,"turns":7},{"damage":0,"enemies":"Reptomancer","floor":44,"turns":3},{"damage":9,"enemies":"Maw","floor":45,"turns":9},{"damage":0,"enemies":"Nemesis","floor":46,"turns":5},{"damage":0,"enemies":"Sphere and 2 Shapes","floor":48,"turns":3},{"damage":0,"enemies":"Awakened One","floor":50,"turns":16}],"seed_played":"-4923174239381872266","potions_obtained":[{"floor":1.0,"key":"Strength Potion"},{"floor":7.0,"key":"Block Potion"},{"floor":8.0,"key":"SteroidPotion"},{"floor":16.0,"key":"BlessingOfTheForge"},{"floor":18.0,"key":"DuplicationPotion"},{"floor":19.0,"key":"Strength Potion"},{"floor":33,"key":"SpeedPotion"}],"is_trial":false,"path_per_floor":["M","M","?","?","M","R","E","M","T","E","?","E","M","M","R","B",null,"M","?","M","?","$","?","R","$","T","E","M","R","M","E","R","B",null,"M","?","$","M","$","E","R","E","T","E","M","E","$","M","R","B",null],"character_chosen":"THE_SILENT","items_purchased":["Blur","Cloak And Dagger","Toxic Egg 2","Crippling Poison+1","Backflip+1","Dodge and Roll+1"],"campfire_rested":1,"item_purchase_floors":[22,25,37,39,47,47],"current_hp_per_floor":[71,62,62,41,41,41,38,38,38,34,23,15,15,15,36,35,62,61,61,58,58,58,58,58,58,58,63,68,68,71,68,68,71,71,71,71,71,71,71,71,71,71,71,71,67,71,71,73,73,73],"gold":76,"neow_bonus":"TWENTY_PERCENT_HP_BONUS","is_prod":false,"is_daily":false,"chose_seed":false,"campfire_upgraded":6,"win_rate":0,"timestamp":1622602607,"path_taken":["M","M","?","?","?","R","E","M","T","E","?","E","M","M","R","BOSS","M","?","?","?","$","?","R","?","T","E","M","R","M","E","R","BOSS","M","?","$","M","?","E","R","E","T","E","M","E","$","M","R","BOSS"],"build_version":"2020-12-22","purchased_purges":2,"victory":true,"max_hp_per_floor":[78,78,71,71,71,71,71,71,71,71,71,71,71,71,71,71,71,71,71,71,71,71,71,71,71,71,71,71,71,71,71,71,71,71,71,71,71,71,71,71,71,71,71,71,71,71,71,73,73,73],"card_choices":[{"not_picked":["Sucker Punch","Bane"],"picked":"Escape Plan","floor":1.0},{"not_picked":["Outmaneuver","Eviscerate"],"picked":"Blade Dance","floor":2.0},{"not_picked":["Calculated Gamble","Dagger Throw"],"picked":"Backstab","floor":5.0},{"not_picked":["Endless Agony","Sucker Punch"],"picked":"Deflect","floor":7.0},{"not_picked":["Sucker Punch","Underhanded Strike"],"picked":"PiercingWail","floor":8.0},{"not_picked":["Prepared","Quick Slash"],"picked":"Blur","floor":10.0},{"not_picked":["Dagger Throw","Flying Knee"],"picked":"All Out Attack","floor":12.0},{"not_picked":["Storm of Steel","Dagger Throw"],"picked":"Blade Dance","floor":13.0},{"not_picked":["Prepared","Calculated Gamble"],"picked":"Terror","floor":14.0},{"not_picked":["Storm of Steel","Night Terror"],"picked":"Die Die Die","floor":16.0},{"not_picked":["PiercingWail+1","Underhanded Strike"],"picked":"Blade Dance+1","floor":18.0},{"not_picked":["Blade Dance+1","Slice"],"picked":"Malaise","floor":20},{"not_picked":["Masterful Stab","Poisoned Stab"],"picked":"Backflip","floor":27},{"not_picked":["Backflip","Underhanded Strike"],"picked":"Dodge and Roll","floor":28},{"not_picked":["Underhanded Strike","Blade Dance+1"],"picked":"Finisher+1","floor":30},{"not_picked":["Deadly Poison","Distraction","Dagger Spray"],"picked":"SKIP","floor":31},{"not_picked":["Slice","Poisoned Stab"],"picked":"Backflip+1","floor":35},{"not_picked":["Outmaneuver+1","Dagger Spray"],"picked":"Deflect+1","floor":38},{"not_picked":["Setup+1","Choke"],"picked":"Dodge and Roll+1","floor":40},{"not_picked":["Predator","Venomology+1","Sucker Punch"],"picked":"SKIP","floor":42},{"not_picked":["Deadly Poison+1","Dagger Throw+1"],"picked":"Prepared+1","floor":44},{"not_picked":["Reflex+1","Endless Agony"],"picked":"Choke+1","floor":45},{"not_picked":["Slice","Sucker Punch+1"],"picked":"Quick Slash+1","floor":46},{"not_picked":["Masterful Stab","Setup+1","Poisoned Stab"],"picked":"Singing Bowl","floor":48}],"player_experience":4839410,"relics_obtained":[{"floor":7.0,"key":"Kunai"},{"floor":9.0,"key":"Mercury Hourglass"},{"floor":10.0,"key":"Vajra"},{"floor":12.0,"key":"Art of War"},{"floor":26,"key":"Ninja Scroll"},{"floor":27,"key":"Toy Ornithopter"},{"floor":31,"key":"Sundial"},{"floor":40,"key":"Ancient Tea Set"},{"floor":42,"key":"PreservedInsect"},{"floor":43,"key":"Anchor"},{"floor":44,"key":"Orichalcum"},{"floor":46,"key":"Singing Bowl"}],"event_choices":[{"damage_healed":0.0,"max_hp_gain":0.0,"max_hp_loss":7.0,"gold_gain":0.0,"event_name":"Golden Idol","player_choice":"Lose Max HP","floor":3.0,"gold_loss":0.0,"damage_taken":0.0,"relics_obtained":["Golden Idol"]},{"damage_healed":0.0,"max_hp_gain":0.0,"max_hp_loss":0.0,"gold_gain":0.0,"event_name":"Shining Light","player_choice":"Entered Light","floor":4.0,"gold_loss":0.0,"damage_taken":21.0,"cards_upgraded":["Strike_G","Defend_G"]},{"damage_healed":0.0,"max_hp_gain":0.0,"max_hp_loss":0.0,"gold_gain":75.0,"event_name":"World of Goop","player_choice":"Gather Gold","floor":11.0,"gold_loss":0.0,"damage_taken":11.0},{"damage_healed":0.0,"max_hp_gain":0.0,"max_hp_loss":0.0,"gold_gain":0.0,"event_name":"The Woman in Blue","player_choice":"Bought 1 Potion","floor":19.0,"gold_loss":0.0,"damage_taken":0.0},{"damage_healed":0,"gold_gain":0,"player_choice":"Gave Idol","damage_taken":0,"relics_obtained":["Bloody Idol"],"max_hp_gain":0,"max_hp_loss":0,"event_name":"Forgotten Altar","floor":21,"relics_lost":["Golden Idol"],"gold_loss":0},{"damage_healed":0,"gold_gain":0,"player_choice":"Ignored","damage_taken":0,"max_hp_gain":0,"max_hp_loss":0,"event_name":"Cursed Tome","floor":23,"gold_loss":0},{"damage_healed":0,"gold_gain":0,"player_choice":"Got Potions","damage_taken":0,"max_hp_gain":0,"max_hp_loss":0,"event_name":"Lab","floor":36,"gold_loss":0}],"is_beta":false,"boss_relics":[{"not_picked":["Tiny House","SlaversCollar"],"picked":"Philosopher\u0027s Stone"},{"not_picked":["HoveringKite","Runic Dome"],"picked":"Astrolabe"}],"items_purged_floors":[22,25],"is_endless":false,"potions_floor_spawned":[1,7,8,16,18,31,33,38,40,42,46],"ascension_level":15}