{"gold_per_floor":[110,124,124,199,215,248,248,261,307,340,358,371,386,386,386,460,460,471,98,20,30,30,30,63,135,214,214,64,94,107,118,118,191,191,208,224,224,238,96,131,131,161,240,271,288,288,340,359,359,359],"floor_reached":51,"playtime":2543,"items_purged":["Strike_G"],"score":1584,"play_id":"56538914-5ee1-4ee4-8f92-006ed884bef6","local_time":"20210612184506","is_ascension_mode":true,"campfire_choices":[{"data":"Neutralize","floor":7.0,"key":"SMITH"},{"data":"Blade Dance","floor":15.0,"key":"SMITH"},{"data":"Malaise","floor":23.0,"key":"SMITH"},{"floor":27.0,"key":"REST"},{"data":"Cloak And Dagger","floor":32.0,"key":"SMITH"},{"data":"Envenom","floor":41,"key":"SMITH"},{"data":"Footwork","floor":46,"key":"SMITH"},{"data":"Blade Dance","floor":49,"key":"SMITH"}],"neow_cost":"NONE","seed_source_timestamp":0,"circlet_count":0,"master_deck":["AscendersBane","Strike_G+1","Strike_G+1","Strike_G+1","Strike_G+1","Defend_G+1","Defend_G+1","Defend_G+1","Defend_G+1","Defend_G+1","Survivor","Neutralize+1","Blade Dance+1","Dagger Throw","Slice","Cloak And Dagger+1","Glass Knife+1","Leg Sweep","Malaise+1","CurseOfTheBell","Footwork+1","Footwork","Calculated Gamble","Blur","Accuracy+1","Good Instincts","Deflect+1","Die Die Die","Tools of the Trade","PiercingWail","Envenom+1","Backflip","Escape Plan","Blade Dance+1"],"special_seed":0,"relics":["Ring of the Snake","Orichalcum","Letter Opener","Dream Catcher","Boot","Calling Bell","Toy Ornithopter","White Beast Statue","Peace Pipe","DollysMirror","Ninja Scroll","Snake Skull","Mummified Hand","StrikeDummy","Lizard Tail","HoveringKite","Bottled Lightning","Regal Pillow","Bottled Tornado","Centennial Puzzle","Ice Cream"],"potions_floor_usage":[38,40,42,47,50,50],"damage_taken":[{"damage":3.0,"enemies":"Jaw Worm","floor":1.0,"turns":5.0},{"damage":0.0,"enemies":"2 Louse","floor":2.0,"turns":2.0},{"damage":0.0,"enemies":"Cultist","floor":5.0,"turns":3.0},{"damage":26.0,"enemies":"3 Sentries","floor":6.0,"turns":10.0},{"damage":3.0,"enemies":"Large Slime","floor":8.0,"turns":6.0},{"damage":32.0,"enemies":"Lagavulin","floor":10.0,"turns":7.0},{"damage":4.0,"enemies":"Exordium Wildlife","floor":11.0,"turns":3.0},{"damage":0.0,"enemies":"Lots of Slimes","floor":12.0,"turns":2.0},{"damage":0.0,"enemies":"Looter","floor":13.0,"turns":4.0},{"damage":0.0,"enemies":"Slime Boss","floor":16.0,"turns":9.0},{"damage":4.0,"enemies":"Chosen","floor":18.0,"turns":6.0},{"damage":0.0,"enemies":"Shell Parasite","floor":21.0,"turns":7.0},{"damage":55.0,"enemies":"Gremlin Leader","floor":24.0,"turns":18.0},{"damage":7.0,"enemies":"Book of Stabbing","floor":29.0,"turns":8.0},{"damage":2.0,"enemies":"Snake Plant","floor":30.0,"turns":5.0},{"damage":1.0,"enemies":"3 Cultists","floor":31.0,"turns":7.0},{"damage":25.0,"enemies":"Collector","floor":33.0,"turns":18.0},{"damage":0,"enemies":"3 Shapes","floor":35,"turns":6},{"damage":4,"enemies":"Orb Walker","floor":36,"turns":4},{"damage":9,"enemies":"Writhing Mass","floor":38,"turns":11},{"damage":11,"enemies":"Giant Head","floor":40,"turns":8},{"damage":0,"enemies":"Nemesis","floor":42,"turns":7},{"damage":0,"enemies":"Giant Head","floor":44,"turns":8},{"damage":0,"enemies":"Jaw Worm Horde","floor":45,"turns":4},{"damage":8,"enemies":"2 Orb Walkers","floor":47,"turns":5},{"damage":0,"enemies":"Transient","floor":48,"turns":5},{"damage":33,"enemies":"Donu and Deca","floor":50,"turns":10}],"seed_played":"-8254021859710644516","potions_obtained":[{"floor":6.0,"key":"FairyPotion"},{"floor":10.0,"key":"PowerPotion"},{"floor":11.0,"key":"SteroidPotion"},{"floor":12.0,"key":"Fire Potion"},{"floor":18.0,"key":"Block Potion"},{"floor":21.0,"key":"Block Potion"},{"floor":24.0,"key":"Regen Potion"},{"floor":29.0,"key":"GamblersBrew"},{"floor":31.0,"key":"AttackPotion"},{"floor":33.0,"key":"Block Potion"},{"floor":38,"key":"SkillPotion"},{"floor":40,"key":"AttackPotion"},{"floor":42,"key":"Explosive Potion"},{"floor":44,"key":"LiquidMemories"},{"floor":47,"key":"Poison Potion"},{"floor":48,"key":"Fruit Juice"}],"is_trial":false,"path_per_floor":["M","M","?","?","M","E","R","M","T","E","M","M","M","?","R","B",null,"M","$","?","M","?","R","E","T","T","R","$","E","M","M","R","B",null,"M","M","?","M","$","E","R","E","T","E","M","R","?","M","R","B",null],"character_chosen":"THE_SILENT","items_purchased":["Footwork","DollysMirror","Regen Potion","FearPotion","Good Instincts","Envenom"],"campfire_rested":1,"item_purchase_floors":[19,19,19,28,28,39],"current_hp_per_floor":[56,56,56,45,45,19,19,16,16,5,1,1,1,1,1,1,50,46,46,46,66,66,66,18,18,18,37,37,50,48,52,52,32,58,58,54,54,50,50,44,44,49,49,49,49,49,46,46,46,28],"gold":359,"neow_bonus":"RANDOM_COMMON_RELIC","is_prod":false,"is_daily":false,"chose_seed":false,"campfire_upgraded":7,"win_rate":0,"timestamp":1623548706,"path_taken":["M","M","?","?","M","E","R","M","T","E","M","M","M","?","R","BOSS","M","$","?","?","?","R","E","?","T","R","$","E","?","M","R","BOSS","M","M","?","M","$","E","R","E","T","E","M","R","?","M","R","BOSS"],"build_version":"2020-12-22","purchased_purges":1,"victory":true,"max_hp_per_floor":[66,66,66,66,66,66,66,66,66,66,66,66,66,66,66,66,66,66,66,66,66,66,66,66,66,66,66,66,66,66,66,66,66,66,66,66,66,66,66,66,66,66,66,66,66,66,66,66,66,71],"card_choices":[{"not_picked":["Poisoned Stab","Prepared"],"picked":"Blade Dance","floor":1.0},{"not_picked":["Calculated Gamble","Distraction"],"picked":"Dagger Throw","floor":2.0},{"not_picked":["Terror","Calculated Gamble"],"picked":"Slice","floor":5.0},{"not_picked":["Deflect","Outmaneuver"],"picked":"Cloak And Dagger","floor":6.0},{"not_picked":["Dagger Throw","Terror","Eviscerate"],"picked":"SKIP","floor":8.0},{"not_picked":["Heel Hook","Phantasmal Killer"],"picked":"Glass Knife","floor":10.0},{"not_picked":["Bane","Reflex","Catalyst"],"picked":"SKIP","floor":11.0},{"not_picked":["Backflip","Riddle With Holes"],"picked":"Leg Sweep","floor":12.0},{"not_picked":["Tactician","Prepared","Bane"],"picked":"SKIP","floor":13.0},{"not_picked":["Venomology","Tools of the Trade"],"picked":"Malaise","floor":16.0},{"not_picked":["Flechettes+1","Acrobatics","Skewer+1"],"picked":"SKIP","floor":18.0},{"not_picked":["Prepared","Tactician"],"picked":"Calculated Gamble","floor":21.0},{"not_picked":["Masterful Stab","Blade Dance"],"picked":"Blur","floor":24.0},{"not_picked":["Backflip","Deadly Poison"],"picked":"Accuracy+1","floor":27.0},{"not_picked":["Bane","Crippling Poison"],"picked":"Deflect+1","floor":29.0},{"not_picked":["Slice","Poisoned Stab","Underhanded Strike"],"picked":"SKIP","floor":30.0},{"not_picked":["Deadly Poison","Skewer"],"picked":"Die Die Die","floor":31.0},{"not_picked":["Grand Finale","Doppelganger"],"picked":"Tools of the Trade","floor":33.0},{"not_picked":["Terror","Dagger Throw"],"picked":"PiercingWail","floor":35},{"not_picked":["Deflect","Prepared","Outmaneuver"],"picked":"SKIP","floor":36},{"not_picked":["Noxious Fumes","Flying Knee","Dagger Throw"],"picked":"SKIP","floor":38},{"not_picked":["Flying Knee","Acrobatics","Masterful Stab"],"picked":"SKIP","floor":40},{"not_picked":["Deadly Poison+1","Dagger Throw+1","Bane"],"picked":"SKIP","floor":42},{"not_picked":["Catalyst","PiercingWail"],"picked":"Backflip","floor":44},{"not_picked":["Eviscerate","PiercingWail","Distraction"],"picked":"SKIP","floor":45},{"not_picked":["Concentrate","Slice"],"picked":"Escape Plan","floor":47},{"not_picked":["Backflip","Flying Knee"],"picked":"Blade Dance","floor":48}],"player_experience":4880117,"relics_obtained":[{"floor":6.0,"key":"Letter Opener"},{"floor":9.0,"key":"Dream Catcher"},{"floor":10.0,"key":"Boot"},{"floor":17.0,"key":"Toy Ornithopter"},{"floor":17.0,"key":"White Beast Statue"},{"floor":17.0,"key":"Peace Pipe"},{"floor":24.0,"key":"Snake Skull"},{"floor":25.0,"key":"Mummified Hand"},{"floor":26.0,"key":"StrikeDummy"},{"floor":29.0,"key":"Lizard Tail"},{"floor":40,"key":"Bottled Lightning"},{"floor":42,"key":"Regal Pillow"},{"floor":43,"key":"Bottled Tornado"},{"floor":44,"key":"Centennial Puzzle"},{"floor":47,"key":"Ice Cream"}],"event_choices":[{"damage_healed":0.0,"max_hp_gain":0.0,"max_hp_loss":0.0,"gold_gain":0.0,"event_name":"Liars Game","player_choice":"Ignored","floor":3.0,"gold_loss":0.0,"damage_taken":0.0},{"damage_healed":0.0,"max_hp_gain":0.0,"max_hp_loss":0.0,"gold_gain":75.0,"event_name":"World of Goop","player_choice":"Gather Gold","floor":4.0,"gold_loss":0.0,"damage_taken":11.0},{"damage_healed":0.0,"max_hp_gain":0.0,"max_hp_loss":0.0,"gold_gain":0.0,"event_name":"Living Wall","player_choice":"Grow","floor":14.0,"gold_loss":0.0,"damage_taken":0.0,"cards_upgraded":["Glass Knife"]},{"damage_healed":0.0,"max_hp_gain":0.0,"max_hp_loss":0.0,"gold_gain":0.0,"event_name":"WeMeetAgain","player_choice":"Paid Gold","floor":20.0,"gold_loss":78.0,"damage_taken":0.0,"relics_obtained":["Ninja Scroll"]},{"damage_healed":0.0,"max_hp_gain":0.0,"max_hp_loss":0.0,"gold_gain":0.0,"event_name":"Back to Basics","player_choice":"Simplicity","floor":22.0,"gold_loss":0.0,"damage_taken":0.0,"cards_upgraded":["Strike_G","Strike_G","Strike_G","Strike_G","Defend_G","Defend_G","Defend_G","Defend_G","Defend_G"]},{"damage_healed":0,"gold_gain":0,"player_choice":"Ignored","damage_taken":0,"max_hp_gain":0,"max_hp_loss":0,"event_name":"Tomb of Lord Red Mask","floor":37,"gold_loss":0},{"damage_healed":0,"gold_gain":0,"player_choice":"Fight","damage_taken":0,"max_hp_gain":0,"max_hp_loss":0,"event_name":"Mysterious Sphere","floor":47,"gold_loss":0}],"is_beta":false,"boss_relics":[{"not_picked":["Tiny House","Ring of the Serpent"],"picked":"Calling Bell"},{"not_picked":["Coffee Dripper","SlaversCollar"],"picked":"HoveringKite"}],"items_purged_floors":[19],"is_endless":false,"potions_floor_spawned":[6,10,11,12,13,18,21,24,29,30,31,33,35,36,38,40,42,44,45,47,48],"ascension_level":15}