{"gold_per_floor":[116,132,147,147,158,158,190,201,227,227,243,273,273,288,288,360,360,378,359,140,140,158,158,90,90,140,166,190,236,267,294,306,318],"floor_reached":33,"playtime":1536,"items_purged":["Strike_G"],"score":583,"play_id":"16406609-34ce-49ca-8b7d-0e5e1e366503","local_time":"20211019125448","is_ascension_mode":true,"campfire_choices":[{"data":"Neutralize","floor":6,"key":"SMITH"},{"data":"Predator","floor":13,"key":"SMITH"},{"data":"Skewer","floor":15,"key":"SMITH"},{"data":"Malaise","floor":23,"key":"SMITH"},{"data":"Deadly Poison","floor":25,"key":"SMITH"},{"data":"Noxious Fumes","floor":32,"key":"SMITH"}],"neow_cost":"NONE","seed_source_timestamp":0,"circlet_count":0,"master_deck":["AscendersBane","Strike_G","Strike_G","Strike_G+1","Strike_G+1","Defend_G","Defend_G","Defend_G","Defend_G","Defend_G","Survivor","Neutralize+1","Flying Knee","Poisoned Stab+1","PiercingWail","Deflect","Skewer+1","Predator+1","PiercingWail","Malaise+1","Dash","Deadly Poison+1","Prepared","Adrenaline","Reflex","Blur","Noxious Fumes+1"],"special_seed":0,"relics":["Ring of the Snake","Lantern","Whetstone","Nunchaku","Regal Pillow","HoveringKite","Lee\u0027s Waffle","MawBank","Ninja Scroll"],"potions_floor_usage":[7,12,29],"damage_taken":[{"damage":0.0,"enemies":"Cultist","floor":1.0,"turns":6.0},{"damage":2.0,"enemies":"Jaw Worm","floor":2.0,"turns":5.0},{"damage":0.0,"enemies":"Small Slimes","floor":3.0,"turns":3.0},{"damage":0.0,"enemies":"2 Fungi Beasts","floor":5.0,"turns":4.0},{"damage":9,"enemies":"3 Sentries","floor":7,"turns":10},{"damage":1,"enemies":"Large Slime","floor":8,"turns":6},{"damage":7,"enemies":"Lots of Slimes","floor":11,"turns":4},{"damage":0,"enemies":"Gremlin Nob","floor":12,"turns":3},{"damage":2,"enemies":"3 Louse","floor":14,"turns":4},{"damage":51,"enemies":"Hexaghost","floor":16,"turns":12},{"damage":15,"enemies":"Shell Parasite","floor":18,"turns":8},{"damage":3,"enemies":"2 Thieves","floor":19,"turns":4},{"damage":2,"enemies":"Centurion and Healer","floor":22,"turns":7},{"damage":5,"enemies":"Cultist and Chosen","floor":27,"turns":6},{"damage":0,"enemies":"Snake Plant","floor":28,"turns":5},{"damage":0,"enemies":"Book of Stabbing","floor":29,"turns":5},{"damage":1,"enemies":"Shelled Parasite and Fungi","floor":30,"turns":7},{"damage":0,"enemies":"Snecko","floor":31,"turns":5},{"damage":54,"enemies":"Automaton","floor":33,"turns":8}],"seed_played":"-1730790726353391936","potions_obtained":[{"floor":2.0,"key":"BlessingOfTheForge"},{"floor":3.0,"key":"BlessingOfTheForge"},{"floor":7,"key":"FairyPotion"},{"floor":11,"key":"AttackPotion"},{"floor":12,"key":"SteroidPotion"},{"floor":19,"key":"DistilledChaos"},{"floor":29,"key":"SteroidPotion"}],"is_trial":false,"path_per_floor":["M","M","M","?","M","R","E","M","T","?","M","E","R","M","R","B",null,"M","M","$","?","M","R","$","R","T","M","M","E","M","M","R","B"],"character_chosen":"THE_SILENT","items_purchased":["Lee\u0027s Waffle","Adrenaline"],"campfire_rested":0,"item_purchase_floors":[20,24],"current_hp_per_floor":[65,63,63,63,63,63,54,53,53,53,46,46,46,44,44,15,58,43,40,79,56,54,54,54,54,54,49,49,49,48,48,48,0],"gold":318,"neow_bonus":"TEN_PERCENT_HP_BONUS","is_prod":false,"is_daily":false,"chose_seed":false,"campfire_upgraded":6,"win_rate":0,"timestamp":1634673288,"path_taken":["M","M","M","?","?","R","E","M","T","?","M","E","R","M","R","BOSS","M","M","$","?","M","R","$","R","T","M","M","E","M","M","R","BOSS"],"build_version":"2020-12-22","purchased_purges":1,"victory":false,"max_hp_per_floor":[72,72,72,72,72,72,72,72,72,72,72,72,72,72,72,72,72,72,72,79,84,84,84,84,84,84,84,84,84,84,84,84,84],"card_choices":[{"not_picked":["Outmaneuver","Slice"],"picked":"Flying Knee","floor":1.0},{"not_picked":["Terror","Flying Knee"],"picked":"Poisoned Stab","floor":2.0},{"not_picked":["Catalyst","Flying Knee"],"picked":"PiercingWail","floor":3.0},{"not_picked":["Sucker Punch","Blur"],"picked":"Deflect","floor":5},{"not_picked":["Eviscerate","Distraction"],"picked":"Skewer","floor":7},{"not_picked":["Dodge and Roll","Choke"],"picked":"Predator","floor":8},{"not_picked":["Bane","Acrobatics","Reflex"],"picked":"SKIP","floor":11},{"not_picked":["Deflect","Sucker Punch","Outmaneuver"],"picked":"SKIP","floor":12},{"not_picked":["Deflect","Slice"],"picked":"PiercingWail","floor":14},{"not_picked":["Glass Knife","Night Terror"],"picked":"Malaise","floor":16},{"not_picked":["Tactician","PiercingWail"],"picked":"Dash","floor":18},{"not_picked":["Deflect","Underhanded Strike"],"picked":"Deadly Poison","floor":19},{"not_picked":["Dagger Throw","Blade Dance"],"picked":"Prepared","floor":22},{"not_picked":["Eviscerate","Prepared","Deadly Poison"],"picked":"SKIP","floor":27},{"not_picked":["Cloak And Dagger","Poisoned Stab"],"picked":"Reflex","floor":28},{"not_picked":["Unload","Bullet Time"],"picked":"Blur","floor":29},{"not_picked":["Poisoned Stab","Cloak And Dagger","Riddle With Holes+1"],"picked":"SKIP","floor":30},{"not_picked":["Endless Agony","Acrobatics"],"picked":"Noxious Fumes","floor":31}],"player_experience":4944018,"relics_obtained":[{"floor":7,"key":"Whetstone"},{"floor":9,"key":"Nunchaku"},{"floor":12,"key":"Regal Pillow"},{"floor":26,"key":"MawBank"},{"floor":29,"key":"Ninja Scroll"}],"event_choices":[{"damage_healed":0.0,"max_hp_gain":0.0,"max_hp_loss":0.0,"gold_gain":0.0,"event_name":"WeMeetAgain","player_choice":"Gave Potion","floor":4.0,"gold_loss":0.0,"damage_taken":0.0,"relics_obtained":["Lantern"]},{"damage_healed":0,"gold_gain":0,"player_choice":"Grow","damage_taken":0,"max_hp_gain":0,"max_hp_loss":0,"event_name":"Living Wall","floor":10,"gold_loss":0,"cards_upgraded":["Poisoned Stab"]},{"damage_healed":0,"gold_gain":0,"player_choice":"Shed Blood","damage_taken":28,"max_hp_gain":5,"max_hp_loss":0,"event_name":"Forgotten Altar","floor":21,"gold_loss":0}],"is_beta":false,"boss_relics":[{"not_picked":["Pandora\u0027s Box","WristBlade"],"picked":"HoveringKite"}],"items_purged_floors":[20],"is_endless":false,"potions_floor_spawned":[2,3,7,11,12,19,22,29,30],"killed_by":"Automaton","ascension_level":15}