{"gold_per_floor":[218,218,233,246,246,246,280,27,99,128,128,142,173,48,48,126,126,145,156,3,16,16,16,42,42,42,42,54,84,84,101,101,178,178,193,34,34,51,61,91,107,139,139,139,464,464,64,75,75,75],"floor_reached":51,"playtime":2572,"items_purged":["Strike_G","Strike_G","Strike_G","Strike_G"],"score":1638,"play_id":"493de2da-b3f5-4913-8df8-524cce11e63a","local_time":"20211129180528","is_ascension_mode":true,"campfire_choices":[{"data":"Masterful Stab","floor":6.0,"key":"SMITH"},{"data":"Dash","floor":11.0,"key":"SMITH"},{"data":"Well Laid Plans","floor":15.0,"key":"SMITH"},{"data":"After Image","floor":23,"key":"SMITH"},{"data":"PiercingWail","floor":25,"key":"SMITH"},{"data":"Acrobatics","floor":30,"key":"SMITH"},{"data":"Night Terror","floor":32,"key":"SMITH"},{"data":"Backflip","floor":44,"key":"SMITH"},{"data":"Dodge and Roll","floor":49,"key":"SMITH"}],"neow_cost":"NONE","seed_source_timestamp":121401187760900,"circlet_count":0,"master_deck":["AscendersBane","Defend_G+1","Defend_G+1","Defend_G","Defend_G","Defend_G","Survivor","Neutralize+1","Masterful Stab+1","Dagger Throw","After Image+1","Dash+1","Predator+1","Infinite Blades","Well Laid Plans+1","Flying Knee+1","Night Terror+1","Cloak And Dagger+1","Deflect","PiercingWail+1","Acrobatics+1","Necronomicurse","Eviscerate+1","Wraith Form v2+1","Quick Slash+1","Tools of the Trade+1","Caltrops+1","Riddle With Holes+1","Dodge and Roll+1","Backflip+1","After Image+1","Footwork+1","Dodge and Roll+1","Underhanded Strike+1"],"special_seed":0,"relics":["Ring of the Snake","Vajra","Eternal Feather","Molten Egg 2","War Paint","Juzu Bracelet","HoveringKite","Necronomicon","InkBottle","Frozen Egg 2","Blood Vial","Coffee Dripper","Smiling Mask","Blue Candle","Shuriken","Old Coin","Nunchaku","Membership Card"],"potions_floor_usage":[28,33,40,45,50],"damage_taken":[{"damage":0.0,"enemies":"2 Louse","floor":1.0,"turns":4.0},{"damage":0.0,"enemies":"Cultist","floor":3.0,"turns":3.0},{"damage":0.0,"enemies":"Jaw Worm","floor":4.0,"turns":3.0},{"damage":21.0,"enemies":"Gremlin Nob","floor":7.0,"turns":5.0},{"damage":5.0,"enemies":"Lagavulin","floor":10.0,"turns":8.0},{"damage":0.0,"enemies":"Exordium Wildlife","floor":12.0,"turns":5.0},{"damage":9.0,"enemies":"3 Sentries","floor":13.0,"turns":6.0},{"damage":3.0,"enemies":"Hexaghost","floor":16.0,"turns":9.0},{"damage":10.0,"enemies":"2 Thieves","floor":18.0,"turns":4.0},{"damage":0.0,"enemies":"Shell Parasite","floor":19.0,"turns":6.0},{"damage":5.0,"enemies":"Chosen and Byrds","floor":21.0,"turns":7.0},{"damage":2,"enemies":"Gremlin Leader","floor":24,"turns":7},{"damage":1,"enemies":"Snake Plant","floor":28,"turns":4},{"damage":0,"enemies":"Book of Stabbing","floor":29,"turns":3},{"damage":0,"enemies":"Sentry and Sphere","floor":31,"turns":2},{"damage":0,"enemies":"Collector","floor":33,"turns":10},{"damage":6,"enemies":"3 Shapes","floor":35,"turns":4},{"damage":0,"enemies":"3 Darklings","floor":38,"turns":5},{"damage":0,"enemies":"Spire Growth","floor":39,"turns":4},{"damage":3,"enemies":"Nemesis","floor":40,"turns":5},{"damage":6,"enemies":"Transient","floor":41,"turns":5},{"damage":6,"enemies":"Reptomancer","floor":42,"turns":7},{"damage":0,"enemies":"Nemesis","floor":45,"turns":5},{"damage":2,"enemies":"Sphere and 2 Shapes","floor":48,"turns":5},{"damage":1,"enemies":"Donu and Deca","floor":50,"turns":8}],"seed_played":"-877121410016414435","potions_obtained":[{"floor":1.0,"key":"PowerPotion"},{"floor":7.0,"key":"ColorlessPotion"},{"floor":12.0,"key":"Fruit Juice"},{"floor":16.0,"key":"SpeedPotion"},{"floor":28,"key":"SkillPotion"},{"floor":33,"key":"LiquidMemories"},{"floor":40,"key":"PowerPotion"},{"floor":45,"key":"Weak Potion"},{"floor":48,"key":"DistilledChaos"}],"is_trial":false,"path_per_floor":["M","?","M","M","?","R","E","$","T","E","R","M","E","$","R","B",null,"M","M","$","M","?","R","E","R","T","?","M","E","R","M","R","B",null,"M","$","?","M","M","E","M","E","T","R","E","?","$","M","R","B",null],"character_chosen":"THE_SILENT","items_purchased":["Eternal Feather","Flying Knee+1","PiercingWail","Caltrops+1","Nunchaku","Membership Card","Dodge and Roll","SteroidPotion"],"campfire_rested":0,"item_purchase_floors":[8,14,20,36,47,47,47,47],"current_hp_per_floor":[59,59,59,59,59,59,38,38,38,33,42,42,33,33,42,44,64,54,54,54,49,28,40,38,53,53,33,32,32,47,49,64,66,74,70,70,70,72,72,69,65,61,61,72,72,72,72,70,72,71],"gold":75,"neow_bonus":"HUNDRED_GOLD","is_prod":false,"is_daily":false,"chose_seed":false,"campfire_upgraded":9,"win_rate":0,"timestamp":1638237928,"path_taken":["M","?","M","?","?","R","E","$","T","E","R","M","E","$","R","BOSS","M","M","?","M","?","R","E","R","T","?","M","E","R","M","R","BOSS","M","$","?","M","M","E","M","E","T","R","E","?","$","M","R","BOSS"],"build_version":"2020-12-22","purchased_purges":4,"victory":true,"max_hp_per_floor":[66,66,66,66,66,66,66,66,66,66,66,66,66,66,66,71,71,71,71,71,71,71,71,71,71,71,76,76,76,76,76,76,76,76,76,76,72,72,72,72,72,72,72,72,72,72,72,72,72,72],"card_choices":[{"not_picked":["Acrobatics","Sucker Punch"],"picked":"Masterful Stab","floor":1.0},{"not_picked":["Dodge and Roll","Quick Slash"],"picked":"Dagger Throw","floor":3.0},{"not_picked":["Terror","Underhanded Strike"],"picked":"After Image","floor":4.0},{"not_picked":["Quick Slash","Dagger Spray"],"picked":"Dash","floor":7.0},{"not_picked":["Prepared","Flechettes+1"],"picked":"Predator+1","floor":10.0},{"not_picked":["Backflip","Outmaneuver"],"picked":"Infinite Blades","floor":12.0},{"not_picked":["Sucker Punch+1","Reflex"],"picked":"Well Laid Plans","floor":13.0},{"not_picked":["Tools of the Trade","Bullet Time"],"picked":"Night Terror","floor":16.0},{"not_picked":["Bane+1","Prepared"],"picked":"Cloak And Dagger+1","floor":18.0},{"not_picked":["Crippling Poison","Bouncing Flask+1"],"picked":"Deflect","floor":19.0},{"not_picked":["Slice+1","Heel Hook+1"],"picked":"Acrobatics","floor":21.0},{"not_picked":["Outmaneuver","Prepared"],"picked":"Eviscerate+1","floor":24},{"not_picked":["Expertise","Cloak And Dagger","Storm of Steel"],"picked":"SKIP","floor":28},{"not_picked":["Concentrate","Blade Dance"],"picked":"Wraith Form v2+1","floor":29},{"not_picked":["All Out Attack+1","Dodge and Roll"],"picked":"Quick Slash+1","floor":31},{"not_picked":["After Image+1","Doppelganger"],"picked":"Tools of the Trade+1","floor":33},{"not_picked":["Cloak And Dagger","Acrobatics+1","Bane+1"],"picked":"SKIP","floor":35},{"not_picked":["Masterful Stab+1","Eviscerate+1"],"picked":"Riddle With Holes+1","floor":38},{"not_picked":["Blade Dance+1","Cloak And Dagger"],"picked":"Dodge and Roll+1","floor":39},{"not_picked":["Heel Hook+1","Slice+1"],"picked":"Backflip","floor":40},{"not_picked":["Bane+1","All Out Attack+1","Catalyst"],"picked":"SKIP","floor":41},{"not_picked":["Corpse Explosion","Poisoned Stab+1"],"picked":"After Image+1","floor":42},{"not_picked":["Backflip+1","Quick Slash+1"],"picked":"Footwork+1","floor":45},{"not_picked":["Dagger Spray+1","Prepared"],"picked":"Underhanded Strike+1","floor":48}],"player_experience":4985991,"relics_obtained":[{"floor":7.0,"key":"Vajra"},{"floor":9.0,"key":"Molten Egg 2"},{"floor":10.0,"key":"War Paint"},{"floor":13.0,"key":"Juzu Bracelet"},{"floor":22,"key":"Necronomicon"},{"floor":24,"key":"InkBottle"},{"floor":26,"key":"Frozen Egg 2"},{"floor":29,"key":"Blood Vial"},{"floor":40,"key":"Smiling Mask"},{"floor":42,"key":"Blue Candle"},{"floor":43,"key":"Shuriken"},{"floor":45,"key":"Old Coin"}],"event_choices":[{"cards_removed":["Strike_G"],"damage_healed":0.0,"max_hp_gain":0.0,"max_hp_loss":0.0,"gold_gain":0.0,"event_name":"Wheel of Change","player_choice":"Card Removal","floor":2.0,"gold_loss":0.0,"damage_taken":0.0},{"damage_healed":0.0,"max_hp_gain":0.0,"max_hp_loss":0.0,"gold_gain":0.0,"event_name":"Accursed Blacksmith","player_choice":"Forge","floor":5.0,"gold_loss":0.0,"damage_taken":0.0,"cards_upgraded":["Neutralize"]},{"damage_healed":0,"gold_gain":0,"player_choice":"Obtained Book","damage_taken":21,"max_hp_gain":0,"max_hp_loss":0,"event_name":"Cursed Tome","floor":22,"gold_loss":0},{"damage_healed":0,"gold_gain":0,"player_choice":"Shed Blood","damage_taken":25,"max_hp_gain":5,"max_hp_loss":0,"event_name":"Forgotten Altar","floor":27,"gold_loss":0},{"damage_healed":0,"gold_gain":0,"player_choice":"Max HP","damage_taken":0,"max_hp_gain":0,"max_hp_loss":4,"event_name":"Winding Halls","floor":37,"gold_loss":0},{"damage_healed":0,"gold_gain":0,"player_choice":"Ignored","damage_taken":0,"max_hp_gain":0,"max_hp_loss":0,"event_name":"Tomb of Lord Red Mask","floor":46,"gold_loss":0}],"is_beta":false,"boss_relics":[{"not_picked":["WristBlade","Runic Dome"],"picked":"HoveringKite"},{"not_picked":["SacredBark","Ring of the Serpent"],"picked":"Coffee Dripper"}],"items_purged_floors":[14,20,36,47],"is_endless":false,"potions_floor_spawned":[1,7,12,16,19,28,33,40,41,45,48],"ascension_level":15}