{"gold_per_floor":[219,219,239,254,254,288,308,308,308,335,335,348,348,378,378,455,455,468,468,485,485,410,410,443,443,492,521,539,26,44,44,44,115,115,128,179,199,199,213,244,244,271,298,298,298,33,52,82,82,82],"floor_reached":51,"playtime":2137,"items_purged":["Strike_G"],"score":1528,"play_id":"247c2df2-aa3f-42f6-95fb-d11bd0deb7b7","local_time":"20220203224322","is_ascension_mode":true,"campfire_choices":[{"floor":11.0,"key":"REST"},{"data":"A Thousand Cuts","floor":13.0,"key":"SMITH"},{"floor":15.0,"key":"REST"},{"floor":23.0,"key":"DIG"},{"floor":25.0,"key":"DIG"},{"floor":32.0,"key":"DIG"},{"floor":49,"key":"DIG"}],"neow_cost":"NONE","seed_source_timestamp":310659307964000,"circlet_count":0,"master_deck":["AscendersBane","Strike_G+1","Strike_G+1","Defend_G","Defend_G","Defend_G","Defend_G","Defend_G","Survivor+1","Neutralize+1","Blade Dance","Poisoned Stab+1","Blade Dance","Bouncing Flask","Well Laid Plans","Blade Dance","A Thousand Cuts+1","Leg Sweep","Adrenaline","Choke+1","PiercingWail","Prepared+1","Dodge and Roll+1","Accuracy+1","Dodge and Roll+1","Calculated Gamble+1","Escape Plan+1","Envenom","Accuracy","Acrobatics+1","Cloak And Dagger+1","Blur+1","Deflect+1","Leg Sweep+1","Crippling Poison+1"],"special_seed":0,"relics":["Ring of the Snake","Happy Flower","Molten Egg 2","Shovel","Whetstone","Fusion Hammer","Snake Skull","Toxic Egg 2","Blue Candle","InkBottle","Art of War","Ornamental Fan","Bottled Tornado","Blood Vial","WristBlade","Ginger","Question Card","Ancient Tea Set","Strawberry","Kunai","Orichalcum"],"potions_floor_usage":[50],"damage_taken":[{"damage":0.0,"enemies":"2 Louse","floor":1.0,"turns":4.0},{"damage":1.0,"enemies":"Small Slimes","floor":3.0,"turns":3.0},{"damage":2.0,"enemies":"Jaw Worm","floor":4.0,"turns":4.0},{"damage":19.0,"enemies":"3 Sentries","floor":6.0,"turns":9.0},{"damage":1.0,"enemies":"2 Fungi Beasts","floor":7.0,"turns":3.0},{"damage":15.0,"enemies":"Gremlin Nob","floor":10.0,"turns":3.0},{"damage":21.0,"enemies":"Exordium Thugs","floor":12.0,"turns":6.0},{"damage":10.0,"enemies":"3 Sentries","floor":14.0,"turns":5.0},{"damage":1.0,"enemies":"The Guardian","floor":16.0,"turns":10.0},{"damage":0.0,"enemies":"Spheric Guardian","floor":18.0,"turns":2.0},{"damage":2.0,"enemies":"Chosen","floor":20.0,"turns":4.0},{"damage":0.0,"enemies":"Gremlin Leader","floor":24.0,"turns":4.0},{"damage":7.0,"enemies":"Book of Stabbing","floor":27.0,"turns":4.0},{"damage":0.0,"enemies":"3 Cultists","floor":28.0,"turns":4.0},{"damage":0.0,"enemies":"Chosen and Byrds","floor":30.0,"turns":3.0},{"damage":19.0,"enemies":"Automaton","floor":33.0,"turns":8.0},{"damage":0.0,"enemies":"Orb Walker","floor":35.0,"turns":2.0},{"damage":18.0,"enemies":"2 Orb Walkers","floor":36.0,"turns":4.0},{"damage":0.0,"enemies":"3 Shapes","floor":37.0,"turns":4.0},{"damage":12.0,"enemies":"Spire Growth","floor":39.0,"turns":4.0},{"damage":34.0,"enemies":"Giant Head","floor":40.0,"turns":6.0},{"damage":0.0,"enemies":"Reptomancer","floor":42.0,"turns":5.0},{"damage":0,"enemies":"Transient","floor":47,"turns":5},{"damage":0,"enemies":"Nemesis","floor":48,"turns":5},{"damage":2,"enemies":"Time Eater","floor":50,"turns":9}],"seed_played":"-7595353403400196762","potions_obtained":[{"floor":3.0,"key":"EntropicBrew"},{"floor":4.0,"key":"DistilledChaos"},{"floor":10.0,"key":"Regen Potion"},{"floor":12.0,"key":"SteroidPotion"},{"floor":18.0,"key":"PowerPotion"},{"floor":27.0,"key":"Weak Potion"},{"floor":39.0,"key":"FairyPotion"}],"is_trial":false,"path_per_floor":["M","?","M","M","?","E","M","?","T","E","R","M","R","E","R","B",null,"M","?","M","T","?","R","E","R","T","E","M","$","M","$","R","B",null,"M","?","M","?","M","E","?","E","T","?","?","$","M","E","R","B",null],"character_chosen":"THE_SILENT","items_purchased":["Bottled Tornado","Dodge and Roll+1","Calculated Gamble+1","PowerPotion","Leg Sweep+1","Strawberry","Dexterity Potion"],"campfire_rested":2,"item_purchase_floors":[29,29,29,29,46,46,46],"current_hp_per_floor":[59,59,58,56,56,37,36,16,16,1,20,14,14,4,23,22,55,55,55,53,53,53,53,53,53,53,46,46,46,46,46,46,29,57,59,43,45,45,35,3,54,54,54,54,54,61,61,61,61,59],"gold":82,"neow_bonus":"HUNDRED_GOLD","is_prod":false,"is_daily":false,"chose_seed":false,"campfire_upgraded":1,"win_rate":0,"timestamp":1643957002,"path_taken":["M","?","M","M","?","E","M","?","T","E","R","M","R","E","R","BOSS","M","?","M","?","?","R","E","R","T","E","M","$","?","?","R","BOSS","M","?","M","?","M","E","?","E","T","?","?","?","?","E","R","BOSS"],"build_version":"2020-12-22","purchased_purges":1,"victory":true,"max_hp_per_floor":[66,66,66,66,66,66,66,66,66,66,66,66,66,66,66,66,66,66,66,66,66,66,66,66,66,66,66,66,66,66,66,66,66,66,66,66,66,66,66,66,54,54,54,54,54,61,61,61,61,61],"relic_stats":{"Happy Flower":[33],"counters":[25,120],"Blue Candle":[0],"Snake Skull":[98],"Whetstone":["Poisoned Stab","Strike_G"],"Ginger":[7],"Bottled Tornado":"A Thousand Cuts","Orichalcum":[0],"Question Card":4,"Ancient Tea Set":[2],"Blood Vial":12,"Shovel":4,"Ornamental Fan":[164],"Art of War":[10],"Kunai":[8],"obtain_stats":[{"Happy Flower":6,"Blue Candle":24,"Snake Skull":21,"Whetstone":14,"Ginger":36,"Bottled Tornado":29,"Orichalcum":49,"Question Card":40,"Ancient Tea Set":43,"Blood Vial":32,"Shovel":10,"WristBlade":34,"Ornamental Fan":27,"Strawberry":46,"Molten Egg 2":9,"Fusion Hammer":17,"Art of War":26,"Kunai":48,"Toxic Egg 2":23,"InkBottle":25,"Ring of the Snake":0},{"Happy Flower":4,"Blue Candle":12,"Snake Skull":11,"Whetstone":8,"Ginger":18,"Bottled Tornado":14,"Orichalcum":24,"Question Card":21,"Ancient Tea Set":22,"Blood Vial":15,"Shovel":6,"WristBlade":16,"Ornamental Fan":13,"Strawberry":22,"Molten Egg 2":5,"Fusion Hammer":9,"Art of War":12,"Kunai":24,"Toxic Egg 2":11,"InkBottle":12,"Ring of the Snake":0},{"Happy Flower":20,"Blue Candle":57,"Snake Skull":53,"Whetstone":37,"Ginger":82,"Bottled Tornado":65,"Orichalcum":111,"Question Card":96,"Ancient Tea Set":101,"Blood Vial":68,"Shovel":26,"WristBlade":76,"Ornamental Fan":61,"Strawberry":101,"Molten Egg 2":23,"Fusion Hammer":47,"Art of War":57,"Kunai":111,"Toxic Egg 2":53,"InkBottle":57,"Ring of the Snake":0}],"InkBottle":[36],"Ring of the Snake":[50]},"card_choices":[{"not_picked":["Dodge and Roll","Acrobatics"],"picked":"Blade Dance","floor":1.0},{"not_picked":["Backflip","Dodge and Roll"],"picked":"Poisoned Stab","floor":3.0},{"not_picked":["Distraction","Prepared"],"picked":"Blade Dance","floor":4.0},{"not_picked":["Prepared","Flying Knee"],"picked":"Bouncing Flask","floor":6.0},{"not_picked":["Concentrate","Dagger Spray"],"picked":"Well Laid Plans","floor":7.0},{"not_picked":["Slice+1","Endless Agony+1"],"picked":"Blade Dance","floor":10.0},{"not_picked":["Acrobatics","Setup"],"picked":"A Thousand Cuts","floor":12.0},{"not_picked":["Deflect","Slice+1"],"picked":"Leg Sweep","floor":14.0},{"not_picked":["Storm of Steel","Unload+1"],"picked":"Adrenaline","floor":16.0},{"not_picked":["Prepared","Endless Agony+1"],"picked":"Choke+1","floor":18.0},{"not_picked":["Expertise","Eviscerate+1"],"picked":"PiercingWail","floor":20.0},{"not_picked":["Distraction+1","Deflect+1"],"picked":"Prepared+1","floor":24.0},{"not_picked":["Flying Knee+1","Sucker Punch+1"],"picked":"Dodge and Roll+1","floor":27.0},{"not_picked":["Prepared+1","Bullet Time+1"],"picked":"Accuracy+1","floor":28.0},{"not_picked":["Flying Knee+1","Deadly Poison+1"],"picked":"Escape Plan+1","floor":30.0},{"not_picked":["Grand Finale+1","Venomology+1"],"picked":"Envenom","floor":33.0},{"not_picked":["Quick Slash+1","Noxious Fumes","Outmaneuver+1"],"picked":"SKIP","floor":35.0},{"not_picked":["Setup+1","Bane+1"],"picked":"Accuracy","floor":36.0},{"not_picked":["Dodge and Roll+1","A Thousand Cuts"],"picked":"Acrobatics+1","floor":37.0},{"not_picked":["Riddle With Holes+1","Terror+1"],"picked":"Cloak And Dagger+1","floor":39.0},{"not_picked":["Blade Dance+1","Choke+1"],"picked":"Blur+1","floor":40.0},{"not_picked":["Slice+1","Prepared+1","Unload+1"],"picked":"Deflect+1","floor":42},{"not_picked":["Dagger Spray+1","Prepared+1","Dagger Throw+1"],"picked":"Crippling Poison+1","floor":47},{"not_picked":["Riddle With Holes+1","Flying Knee+1","Slice+1","Doppelganger+1"],"picked":"SKIP","floor":48}],"player_experience":5035468,"relics_obtained":[{"floor":6.0,"key":"Happy Flower"},{"floor":9.0,"key":"Molten Egg 2"},{"floor":10.0,"key":"Shovel"},{"floor":14.0,"key":"Whetstone"},{"floor":21.0,"key":"Snake Skull"},{"floor":23.0,"key":"Toxic Egg 2"},{"floor":24.0,"key":"Blue Candle"},{"floor":25.0,"key":"InkBottle"},{"floor":26.0,"key":"Art of War"},{"floor":27.0,"key":"Ornamental Fan"},{"floor":32.0,"key":"Blood Vial"},{"floor":36.0,"key":"Ginger"},{"floor":40.0,"key":"Question Card"},{"floor":43,"key":"Ancient Tea Set"},{"floor":48,"key":"Kunai"},{"floor":49,"key":"Orichalcum"}],"event_choices":[{"damage_healed":0.0,"max_hp_gain":0.0,"max_hp_loss":0.0,"gold_gain":0.0,"event_name":"Living Wall","player_choice":"Grow","floor":2.0,"gold_loss":0.0,"damage_taken":0.0,"cards_upgraded":["Neutralize"]},{"damage_healed":0.0,"max_hp_gain":0.0,"max_hp_loss":0.0,"gold_gain":0.0,"event_name":"Liars Game","player_choice":"Ignored","floor":5.0,"gold_loss":0.0,"damage_taken":0.0},{"damage_healed":0.0,"max_hp_gain":0.0,"max_hp_loss":0.0,"gold_gain":0.0,"event_name":"Shining Light","player_choice":"Entered Light","floor":8.0,"gold_loss":0.0,"damage_taken":20.0,"cards_upgraded":["Survivor","Strike_G"]},{"damage_healed":0.0,"max_hp_gain":0.0,"max_hp_loss":0.0,"gold_gain":0.0,"event_name":"Ghosts","player_choice":"Ignored","floor":19.0,"gold_loss":0.0,"damage_taken":0.0},{"cards_removed":["Strike_G"],"damage_healed":0.0,"max_hp_gain":0.0,"max_hp_loss":0.0,"gold_gain":0.0,"event_name":"Beggar","player_choice":"Gave Gold","floor":22.0,"gold_loss":75.0,"damage_taken":0.0},{"damage_healed":0.0,"max_hp_gain":0.0,"max_hp_loss":0.0,"gold_gain":0.0,"event_name":"Mysterious Sphere","player_choice":"Fight","floor":36.0,"gold_loss":0.0,"damage_taken":0.0},{"damage_healed":0.0,"max_hp_gain":0.0,"max_hp_loss":0.0,"gold_gain":0.0,"event_name":"SensoryStone","player_choice":"Memory 1","floor":38.0,"gold_loss":0.0,"damage_taken":0.0},{"damage_healed":54.0,"max_hp_gain":0.0,"max_hp_loss":12.0,"gold_gain":0.0,"event_name":"The Moai Head","player_choice":"Heal","floor":41.0,"gold_loss":0.0,"damage_taken":0.0},{"damage_healed":0,"gold_gain":0,"player_choice":"Ignored","damage_taken":0,"max_hp_gain":0,"max_hp_loss":0,"event_name":"Tomb of Lord Red Mask","floor":44,"gold_loss":0},{"cards_removed":["Strike_G"],"damage_healed":0,"gold_gain":0,"player_choice":"Removed Attack","damage_taken":0,"max_hp_gain":0,"max_hp_loss":0,"event_name":"Falling","floor":45,"gold_loss":0}],"is_beta":false,"boss_relics":[{"not_picked":["HoveringKite","Velvet Choker"],"picked":"Fusion Hammer"},{"not_picked":["SlaversCollar","Black Star"],"picked":"WristBlade"}],"items_purged_floors":[29],"is_endless":false,"potions_floor_spawned":[3,4,10,12,18,27,35,36,39,48],"ascension_level":15}