{"gold_per_floor":[365,385,365,138,154,183,196,196,196,210,226,226,257,267,267,341,341,358,358,358,408,428,428,462,86,113,124,153,99,99,117,117,191,191,205,216,8,8,25,25,25,25,25,51,67,67,96,116,116,116],"floor_reached":51,"playtime":3630,"items_purged":["Strike_G","Strike_G"],"score":1281,"play_id":"100712bd-4a0b-4d32-9452-83b80928b3cb","local_time":"20220220204518","is_ascension_mode":true,"campfire_choices":[{"data":"Neutralize","floor":8.0,"key":"SMITH"},{"data":"Blade Dance","floor":12.0,"key":"SMITH"},{"floor":15,"key":"REST"},{"floor":23,"key":"REST"},{"floor":30,"key":"REST"},{"floor":32,"key":"REST"},{"data":"After Image","floor":40,"key":"SMITH"},{"data":"Accuracy","floor":42,"key":"SMITH"},{"data":"Well Laid Plans","floor":49,"key":"SMITH"}],"neow_cost":"PERCENT_DAMAGE","seed_source_timestamp":215115488719100,"circlet_count":0,"master_deck":["AscendersBane","Defend_G","Defend_G","Defend_G","Defend_G","Defend_G","Survivor","Neutralize+1","Flying Knee","Blade Dance+1","Dagger Spray","Bullet Time","Well Laid Plans+1","Dodge and Roll","Burst","Slice","After Image+1","Riddle With Holes+1","Dagger Throw+1","Infinite Blades+1","Escape Plan","Accuracy+1","Deflect","Bandage Up","Deflect","Malaise","Acrobatics+1","Leg Sweep","PiercingWail","Crippling Poison","Footwork+1"],"special_seed":0,"relics":["Ring of the Snake","TwistedFunnel","MealTicket","Darkstone Periapt","Bottled Flame","Astrolabe","The Courier","Vajra","Happy Flower","Dead Branch","Blue Candle","HoveringKite","Mummified Hand","StrikeDummy","Strawberry","Sundial"],"potions_floor_usage":[13,13,18,28,28,33,36,44,50,50],"damage_taken":[{"damage":2.0,"enemies":"2 Louse","floor":1.0,"turns":4.0},{"damage":0.0,"enemies":"Cultist","floor":2.0,"turns":4.0},{"damage":0.0,"enemies":"Jaw Worm","floor":5.0,"turns":2.0},{"damage":12.0,"enemies":"3 Sentries","floor":6.0,"turns":9.0},{"damage":0.0,"enemies":"2 Fungi Beasts","floor":7.0,"turns":2.0},{"damage":1.0,"enemies":"Large Slime","floor":10.0,"turns":5.0},{"damage":0.0,"enemies":"Red Slaver","floor":11.0,"turns":4.0},{"damage":10,"enemies":"Lagavulin","floor":13,"turns":5},{"damage":0,"enemies":"Exordium Wildlife","floor":14,"turns":3},{"damage":22,"enemies":"Slime Boss","floor":16,"turns":14},{"damage":11,"enemies":"Chosen","floor":18,"turns":7},{"damage":8,"enemies":"Spheric Guardian","floor":22,"turns":4},{"damage":33,"enemies":"Book of Stabbing","floor":24,"turns":6},{"damage":8,"enemies":"3 Cultists","floor":27,"turns":3},{"damage":33,"enemies":"Gremlin Leader","floor":28,"turns":6},{"damage":3,"enemies":"Snake Plant","floor":31,"turns":5},{"damage":43,"enemies":"Collector","floor":33,"turns":13},{"damage":13,"enemies":"Orb Walker","floor":35,"turns":4},{"damage":6,"enemies":"3 Darklings","floor":36,"turns":6},{"damage":9,"enemies":"Jaw Worm Horde","floor":39,"turns":3},{"damage":16,"enemies":"Reptomancer","floor":44,"turns":5},{"damage":0,"enemies":"Writhing Mass","floor":45,"turns":7},{"damage":0,"enemies":"Nemesis","floor":47,"turns":7},{"damage":10,"enemies":"Transient","floor":48,"turns":5},{"damage":61,"enemies":"Time Eater","floor":50,"turns":9}],"seed_played":"-4627881558183182265","potions_obtained":[{"floor":1.0,"key":"SpeedPotion"},{"floor":2.0,"key":"Fire Potion"},{"floor":3.0,"key":"Dexterity Potion"},{"floor":6.0,"key":"Dexterity Potion"},{"floor":7.0,"key":"AttackPotion"},{"floor":11.0,"key":"CunningPotion"},{"floor":16,"key":"GamblersBrew"},{"floor":28,"key":"Block Potion"},{"floor":33,"key":"Block Potion"},{"floor":35,"key":"Explosive Potion"},{"floor":39,"key":"SpeedPotion"},{"floor":44,"key":"FearPotion"}],"is_trial":false,"path_per_floor":["M","M","?","$","M","E","M","R","T","M","M","R","E","M","R","B",null,"M","?","?","?","M","R","E","$","T","M","E","?","R","M","R","B",null,"M","M","$","?","M","R","$","R","T","E","M","$","E","M","R","B",null],"character_chosen":"THE_SILENT","items_purchased":["TwistedFunnel","AttackPotion","DuplicationPotion","Vajra","Bandage Up","Mummified Hand"],"campfire_rested":4,"item_purchase_floors":[4,25,25,25,25,37],"current_hp_per_floor":[42,42,42,42,42,30,30,30,30,29,29,29,19,19,38,16,54,43,43,43,43,35,54,21,36,36,32,3,3,22,23,42,3,50,41,39,54,54,45,45,60,60,60,55,63,73,73,63,63,6],"gold":116,"neow_bonus":"TWO_FIFTY_GOLD","is_prod":false,"is_daily":false,"chose_seed":false,"campfire_upgraded":5,"win_rate":0,"timestamp":1645418718,"path_taken":["M","M","?","$","?","E","M","R","T","M","M","R","E","M","R","BOSS","M","?","?","?","M","R","E","$","T","?","E","?","R","?","R","BOSS","M","M","$","?","M","R","$","R","T","E","M","?","E","?","R","BOSS"],"build_version":"2020-12-22","purchased_purges":2,"victory":true,"max_hp_per_floor":[66,66,66,66,66,66,66,66,66,66,66,66,66,66,66,66,66,66,66,66,66,66,66,66,66,66,66,66,66,66,66,66,66,66,66,66,66,66,66,66,66,66,66,73,73,73,73,73,73,73],"card_choices":[{"not_picked":["Eviscerate","Cloak And Dagger"],"picked":"Flying Knee","floor":1.0},{"not_picked":["Acrobatics","Prepared"],"picked":"Blade Dance","floor":2.0},{"not_picked":["Deflect","Flying Knee"],"picked":"Dagger Spray","floor":5.0},{"not_picked":["Terror","Flechettes"],"picked":"Bullet Time","floor":6.0},{"not_picked":["Poisoned Stab","Expertise"],"picked":"Well Laid Plans","floor":7.0},{"not_picked":["Dagger Spray","Deadly Poison"],"picked":"Dodge and Roll","floor":10.0},{"not_picked":["Cloak And Dagger","Prepared"],"picked":"Burst","floor":11.0},{"not_picked":["Quick Slash","Tactician","Heel Hook"],"picked":"SKIP","floor":13},{"not_picked":["Poisoned Stab","Terror"],"picked":"Slice","floor":14},{"not_picked":["Burst","Adrenaline"],"picked":"After Image","floor":16},{"not_picked":["Quick Slash","Well Laid Plans"],"picked":"Escape Plan","floor":18},{"not_picked":["Deadly Poison","Slice"],"picked":"Deflect","floor":22},{"not_picked":["Underhanded Strike","Predator","Caltrops"],"picked":"SKIP","floor":24},{"not_picked":["Sucker Punch","Deadly Poison","Acrobatics"],"picked":"SKIP","floor":27},{"not_picked":["Terror","Phantasmal Killer"],"picked":"Deflect","floor":28},{"not_picked":["Masterful Stab","Outmaneuver","All Out Attack"],"picked":"SKIP","floor":31},{"not_picked":["Tools of the Trade","Corpse Explosion"],"picked":"Malaise","floor":33},{"not_picked":["Bane+1","Underhanded Strike"],"picked":"Acrobatics+1","floor":35},{"not_picked":["Quick Slash","Masterful Stab+1"],"picked":"Leg Sweep","floor":36},{"not_picked":["Dodge and Roll","Underhanded Strike","Flying Knee"],"picked":"SKIP","floor":39},{"not_picked":["Backstab","Skewer+1"],"picked":"PiercingWail","floor":44},{"not_picked":["Endless Agony","Setup"],"picked":"Crippling Poison","floor":45},{"not_picked":["Eviscerate","Prepared"],"picked":"Footwork+1","floor":47},{"not_picked":["Tactician","Poisoned Stab","A Thousand Cuts"],"picked":"SKIP","floor":48}],"player_experience":5051633,"relics_obtained":[{"floor":6.0,"key":"MealTicket"},{"floor":9.0,"key":"Darkstone Periapt"},{"floor":13,"key":"Bottled Flame"},{"floor":24,"key":"The Courier"},{"floor":26,"key":"Happy Flower"},{"floor":28,"key":"Dead Branch"},{"floor":43,"key":"StrikeDummy"},{"floor":44,"key":"Strawberry"},{"floor":47,"key":"Sundial"}],"event_choices":[{"damage_healed":0.0,"max_hp_gain":0.0,"max_hp_loss":0.0,"gold_gain":0.0,"event_name":"The Woman in Blue","player_choice":"Bought 1 Potion","floor":3.0,"gold_loss":0.0,"damage_taken":0.0},{"damage_healed":0,"gold_gain":0,"player_choice":"Ignored","damage_taken":0,"max_hp_gain":0,"max_hp_loss":0,"event_name":"Ghosts","floor":19,"gold_loss":0},{"damage_healed":0,"gold_gain":0,"player_choice":"Read","damage_taken":0,"max_hp_gain":0,"max_hp_loss":0,"event_name":"The Library","floor":20,"gold_loss":0,"cards_obtained":["Accuracy"]},{"damage_healed":0,"gold_gain":50,"player_choice":"Pray","damage_taken":0,"max_hp_gain":0,"max_hp_loss":0,"event_name":"Golden Shrine","floor":21,"gold_loss":0},{"damage_healed":0,"gold_gain":0,"player_choice":"Paid Gold","damage_taken":0,"relics_obtained":["Blue Candle"],"max_hp_gain":0,"max_hp_loss":0,"event_name":"WeMeetAgain","floor":29,"gold_loss":54},{"damage_healed":0,"gold_gain":0,"player_choice":"0 cards matched","damage_taken":0,"max_hp_gain":0,"max_hp_loss":0,"event_name":"Match and Keep!","floor":38,"gold_loss":0,"cards_obtained":[]}],"is_beta":false,"boss_relics":[{"not_picked":["Ectoplasm","Snecko Eye"],"picked":"Astrolabe"},{"not_picked":["Runic Pyramid","SlaversCollar"],"picked":"HoveringKite"}],"items_purged_floors":[4,25],"is_endless":false,"potions_floor_spawned":[1,2,6,7,11,16,28,33,35,39,44],"ascension_level":15}