{"gold_per_floor":[114,114,126,145,155,190,190,190,190,190,200,233,253,279,279,357,357,371,149,160,160,173,202,202,216,239,239,239,269,282,309,309,383,383,395,1394,739,759,110,137,137,163,189,224,243,257,278,312,312,312],"floor_reached":51,"playtime":2875,"items_purged":["Strike_G","Normality","Normality"],"score":1776,"play_id":"8c83f6af-0646-4e48-ac14-31a7fe9392f9","local_time":"20220218231754","is_ascension_mode":true,"campfire_choices":[{"data":"Poisoned Stab","floor":7.0,"key":"SMITH"},{"data":"Poisoned Stab","floor":15.0,"key":"SMITH"},{"floor":24.0,"key":"REST"},{"floor":27,"key":"RECALL"},{"floor":32,"key":"REST"},{"floor":41,"key":"REST"},{"floor":49,"key":"REST"}],"neow_cost":"TEN_PERCENT_HP_LOSS","seed_source_timestamp":52197204924600,"circlet_count":0,"master_deck":["AscendersBane","Strike_G+1","Strike_G+1","Strike_G+1","Strike_G+1","Defend_G+1","Defend_G+1","Defend_G+1","Defend_G+1","Defend_G+1","Survivor","Neutralize+1","Dagger Spray+1","Leg Sweep+1","Riddle With Holes+1","Endless Agony+1","Poisoned Stab+1","Infinite Blades+1","Poisoned Stab+1","Noxious Fumes+1","Burst","Catalyst","Footwork+1","Crippling Poison","Calculated Gamble","Masterful Stab+1","Deflect","After Image+1","Well Laid Plans+1","Malaise","Adrenaline","Acrobatics","Acrobatics","Master of Strategy","Calculated Gamble","Blade Dance+1","Dash+1","Dodge and Roll","Backflip+1"],"special_seed":0,"relics":["Ring of the Snake","Bird Faced Urn","Eternal Feather","Frozen Egg 2","Happy Flower","Darkstone Periapt","Fusion Hammer","Shuriken","Juzu Bracelet","Incense Burner","Tough Bandages","SacredBark","Paper Crane","Whetstone","TungstenRod","Centennial Puzzle","HornCleat","CeramicFish","Bottled Lightning","Pantograph"],"potions_floor_usage":[31,37,50,50],"damage_taken":[{"damage":4.0,"enemies":"Jaw Worm","floor":1.0,"turns":5.0},{"damage":0.0,"enemies":"Cultist","floor":3.0,"turns":4.0},{"damage":1.0,"enemies":"Small Slimes","floor":4.0,"turns":5.0},{"damage":9.0,"enemies":"Red Slaver","floor":5.0,"turns":7.0},{"damage":16.0,"enemies":"Gremlin Nob","floor":6.0,"turns":4.0},{"damage":6.0,"enemies":"Looter","floor":11.0,"turns":3.0},{"damage":15.0,"enemies":"3 Sentries","floor":12.0,"turns":7.0},{"damage":1.0,"enemies":"2 Fungi Beasts","floor":13.0,"turns":2.0},{"damage":0.0,"enemies":"Lagavulin","floor":14.0,"turns":5.0},{"damage":17.0,"enemies":"The Guardian","floor":16.0,"turns":10.0},{"damage":1.0,"enemies":"3 Byrds","floor":18.0,"turns":4.0},{"damage":4.0,"enemies":"Shell Parasite","floor":20.0,"turns":6.0},{"damage":14.0,"enemies":"Snake Plant","floor":22.0,"turns":6.0},{"damage":10.0,"enemies":"Slavers","floor":23.0,"turns":3.0},{"damage":4,"enemies":"Cultist and Chosen","floor":25,"turns":6},{"damage":12,"enemies":"Gremlin Leader","floor":29,"turns":6},{"damage":0,"enemies":"Centurion and Healer","floor":30,"turns":5},{"damage":14,"enemies":"Book of Stabbing","floor":31,"turns":6},{"damage":20,"enemies":"Champ","floor":33,"turns":9},{"damage":0,"enemies":"3 Shapes","floor":35,"turns":5},{"damage":10,"enemies":"3 Darklings","floor":38,"turns":6},{"damage":0,"enemies":"Giant Head","floor":40,"turns":9},{"damage":6,"enemies":"Nemesis","floor":42,"turns":9},{"damage":0,"enemies":"Giant Head","floor":44,"turns":9},{"damage":0,"enemies":"4 Shapes","floor":45,"turns":7},{"damage":6,"enemies":"Jaw Worm Horde","floor":46,"turns":4},{"damage":0,"enemies":"Spire Growth","floor":47,"turns":3},{"damage":0,"enemies":"Nemesis","floor":48,"turns":9},{"damage":0,"enemies":"Time Eater","floor":50,"turns":13}],"seed_played":"-416161175069733635","potions_obtained":[{"floor":4.0,"key":"CunningPotion"},{"floor":13.0,"key":"LiquidMemories"},{"floor":14.0,"key":"SpeedPotion"},{"floor":16.0,"key":"SkillPotion"},{"floor":25,"key":"SteroidPotion"},{"floor":31,"key":"LiquidMemories"},{"floor":45,"key":"Strength Potion"}],"is_trial":false,"path_per_floor":["M","?","M","M","M","E","R","?","T","?","M","E","M","E","R","B",null,"M","$","M","?","M","E","R","M","T","R","?","E","M","E","R","B",null,"M","?","$","M","$","E","R","E","T","E","M","M","M","E","R","B",null],"character_chosen":"THE_SILENT","items_purchased":["Footwork+1","Crippling Poison","Paper Crane","Fruit Juice","SteroidPotion","Whetstone","TungstenRod","Acrobatics","Master of Strategy"],"campfire_rested":4,"item_purchase_floors":[19,19,37,37,37,37,39,39,39],"current_hp_per_floor":[55,55,55,54,45,29,38,20,20,20,14,1,2,6,18,3,46,49,49,51,51,43,35,60,58,58,60,60,48,56,50,60,44,56,60,72,82,76,76,82,82,80,80,82,82,76,82,82,82,82],"gold":312,"neow_bonus":"ONE_RARE_RELIC","is_prod":false,"is_daily":false,"chose_seed":false,"campfire_upgraded":2,"win_rate":0,"timestamp":1645255074,"path_taken":["M","?","M","?","M","E","R","?","T","?","?","E","M","E","R","BOSS","M","$","M","?","M","E","R","M","T","R","?","E","M","E","R","BOSS","M","?","$","M","$","E","R","E","T","E","M","M","M","E","R","BOSS"],"build_version":"2020-12-22","purchased_purges":3,"victory":true,"max_hp_per_floor":[60,60,60,60,60,60,60,60,60,60,60,60,60,60,60,60,60,60,60,60,60,60,60,60,60,60,60,60,60,60,60,60,60,60,60,72,82,82,82,82,82,82,82,82,82,82,82,82,82,82],"card_choices":[{"not_picked":["Outmaneuver","Heel Hook"],"picked":"Dagger Spray","floor":1.0},{"not_picked":["Outmaneuver","Dodge and Roll"],"picked":"Leg Sweep","floor":3.0},{"not_picked":["Terror","Bane"],"picked":"Riddle With Holes","floor":4.0},{"not_picked":["Bane","Catalyst"],"picked":"Endless Agony","floor":5.0},{"not_picked":["Backflip","Underhanded Strike"],"picked":"Poisoned Stab","floor":6.0},{"not_picked":["Endless Agony","Sucker Punch"],"picked":"Infinite Blades+1","floor":11.0},{"not_picked":["Bane","Eviscerate"],"picked":"Poisoned Stab","floor":12.0},{"not_picked":["Deadly Poison","Deflect"],"picked":"Noxious Fumes+1","floor":13.0},{"not_picked":["Slice","Underhanded Strike","Terror"],"picked":"SKIP","floor":14.0},{"not_picked":["Storm of Steel","Phantasmal Killer"],"picked":"Burst","floor":16.0},{"not_picked":["Predator","Dagger Throw"],"picked":"Catalyst","floor":18.0},{"not_picked":["Blade Dance","Sucker Punch"],"picked":"Calculated Gamble","floor":20.0},{"not_picked":["Dash","Prepared"],"picked":"Masterful Stab+1","floor":22.0},{"not_picked":["Bane","Flying Knee","Distraction"],"picked":"SKIP","floor":23.0},{"not_picked":["Slice","Leg Sweep"],"picked":"Deflect","floor":25},{"not_picked":["Terror","Acrobatics"],"picked":"After Image+1","floor":29},{"not_picked":["Tactician","Dagger Throw"],"picked":"Well Laid Plans+1","floor":30},{"not_picked":["Dagger Spray","Backflip"],"picked":"Malaise","floor":31},{"not_picked":["Malaise","Grand Finale"],"picked":"Adrenaline","floor":33},{"not_picked":["Cloak And Dagger","Sucker Punch","Deflect+1"],"picked":"SKIP","floor":35},{"not_picked":["Dagger Spray+1","Escape Plan"],"picked":"Acrobatics","floor":38},{"not_picked":["Dagger Throw","Blade Dance"],"picked":"Calculated Gamble","floor":40},{"not_picked":["Underhanded Strike","Flying Knee+1"],"picked":"Blade Dance+1","floor":42},{"not_picked":["Deflect+1","Flying Knee"],"picked":"Dash+1","floor":44},{"not_picked":["Outmaneuver","Blade Dance+1","Slice"],"picked":"SKIP","floor":45},{"not_picked":["Sucker Punch","Tactician","Well Laid Plans+1"],"picked":"SKIP","floor":46},{"not_picked":["Grand Finale","Prepared+1"],"picked":"Dodge and Roll","floor":47},{"not_picked":["Dagger Spray","Cloak And Dagger"],"picked":"Backflip+1","floor":48}],"player_experience":5045574,"relics_obtained":[{"floor":6.0,"key":"Eternal Feather"},{"floor":9.0,"key":"Frozen Egg 2"},{"floor":12.0,"key":"Happy Flower"},{"floor":14.0,"key":"Darkstone Periapt"},{"floor":23.0,"key":"Shuriken"},{"floor":26,"key":"Juzu Bracelet"},{"floor":29,"key":"Incense Burner"},{"floor":31,"key":"Tough Bandages"},{"floor":40,"key":"Centennial Puzzle"},{"floor":42,"key":"HornCleat"},{"floor":43,"key":"CeramicFish"},{"floor":44,"key":"Bottled Lightning"},{"floor":48,"key":"Pantograph"}],"event_choices":[{"damage_healed":0.0,"max_hp_gain":0.0,"max_hp_loss":0.0,"gold_gain":0.0,"event_name":"FaceTrader","player_choice":"Leave","floor":2.0,"gold_loss":0.0,"damage_taken":0.0},{"damage_healed":0.0,"max_hp_gain":0.0,"max_hp_loss":0.0,"gold_gain":0.0,"event_name":"Shining Light","player_choice":"Entered Light","floor":8.0,"gold_loss":0.0,"damage_taken":18.0,"cards_upgraded":["Riddle With Holes","Leg Sweep"]},{"damage_healed":0.0,"max_hp_gain":0.0,"max_hp_loss":0.0,"gold_gain":0.0,"event_name":"Accursed Blacksmith","player_choice":"Forge","floor":10.0,"gold_loss":0.0,"damage_taken":0.0,"cards_upgraded":["Dagger Spray"]},{"damage_healed":0.0,"max_hp_gain":0.0,"max_hp_loss":0.0,"gold_gain":0.0,"event_name":"Ghosts","player_choice":"Ignored","floor":21.0,"gold_loss":0.0,"damage_taken":0.0},{"damage_healed":0,"gold_gain":0,"player_choice":"Simplicity","damage_taken":0,"max_hp_gain":0,"max_hp_loss":0,"event_name":"Back to Basics","floor":28,"gold_loss":0,"cards_upgraded":["Strike_G","Strike_G","Strike_G","Strike_G","Defend_G","Defend_G","Defend_G","Defend_G","Defend_G"]},{"damage_healed":0,"gold_gain":999,"player_choice":"Gold","damage_taken":0,"max_hp_gain":0,"max_hp_loss":0,"event_name":"MindBloom","floor":36,"gold_loss":0,"cards_obtained":["Normality","Normality"]}],"is_beta":false,"boss_relics":[{"not_picked":["Snecko Eye","Velvet Choker"],"picked":"Fusion Hammer"},{"not_picked":["Runic Pyramid","Ring of the Serpent"],"picked":"SacredBark"}],"items_purged_floors":[19,37,39],"is_endless":false,"potions_floor_spawned":[4,13,14,16,18,20,25,31,33,42,44,45,47],"ascension_level":15}