{"gold_per_floor":[219,238,238,258,258,285,17,43,67,99,21,35,53,3,3,75,75,64,76,76,93,104,104,131,131,158,184,204,1,27,127,127,200,200,220,266,62,76,76,107,107,139,139,139,156,156,173,173,173,173],"floor_reached":51,"playtime":2748,"items_purged":["Strike_G","Strike_G","Strike_G"],"score":1352,"play_id":"76795e4e-3770-4bfc-86bb-35bef80c13f4","local_time":"20220320093033","is_ascension_mode":true,"campfire_choices":[{"data":"Apotheosis","floor":15.0,"key":"SMITH"},{"data":"Footwork","floor":23.0,"key":"SMITH"},{"data":"Noxious Fumes","floor":32,"key":"SMITH"},{"floor":41,"key":"DIG"},{"floor":44,"key":"DIG"},{"floor":46,"key":"DIG"},{"floor":49,"key":"DIG"}],"neow_cost":"NONE","seed_source_timestamp":176735994586700,"circlet_count":0,"master_deck":["AscendersBane","Defend_G","Defend_G+1","Defend_G","Defend_G","Defend_G+1","Survivor","Neutralize+1","Flying Knee+1","Poisoned Stab","Cloak And Dagger","Footwork+1","Apotheosis+1","Flechettes+1","Leg Sweep","Noxious Fumes+1","Dodge and Roll+1","Deflect","Glass Knife","Sucker Punch","Dagger Throw","Blade Dance","Backflip","Caltrops+1","Caltrops","Slice","Dodge and Roll+1","After Image","Acrobatics","PiercingWail","Predator+1"],"special_seed":0,"relics":["Ring of the Snake","Blood Vial","Whetstone","PreservedInsect","Smiling Mask","Philosopher\u0027s Stone","Paper Crane","Bag of Preparation","Lantern","Potion Belt","Bird Faced Urn","Thread and Needle","StrikeDummy","WristBlade","Shovel","Bag of Marbles","Letter Opener","Bronze Scales","Molten Egg 2","Happy Flower","Unceasing Top","Ornamental Fan","War Paint"],"potions_floor_usage":[27,33,40,47,50,50],"damage_taken":[{"damage":3.0,"enemies":"2 Louse","floor":1.0,"turns":4.0},{"damage":0.0,"enemies":"Jaw Worm","floor":2.0,"turns":4.0},{"damage":1.0,"enemies":"Cultist","floor":4.0,"turns":4.0},{"damage":12.0,"enemies":"Gremlin Nob","floor":6.0,"turns":5.0},{"damage":1.0,"enemies":"Lagavulin","floor":8.0,"turns":8.0},{"damage":11.0,"enemies":"Gremlin Nob","floor":10.0,"turns":4.0},{"damage":0.0,"enemies":"Blue Slaver","floor":12.0,"turns":4.0},{"damage":0.0,"enemies":"2 Fungi Beasts","floor":13.0,"turns":4.0},{"damage":16.0,"enemies":"Slime Boss","floor":16.0,"turns":14.0},{"damage":5.0,"enemies":"2 Thieves","floor":18.0,"turns":4.0},{"damage":8.0,"enemies":"Spheric Guardian","floor":19.0,"turns":5.0},{"damage":5.0,"enemies":"Shelled Parasite and Fungi","floor":21.0,"turns":8.0},{"damage":5.0,"enemies":"Snake Plant","floor":22.0,"turns":4.0},{"damage":9.0,"enemies":"Slavers","floor":24.0,"turns":5.0},{"damage":2,"enemies":"Gremlin Leader","floor":27,"turns":7},{"damage":0,"enemies":"Centurion and Healer","floor":28,"turns":5},{"damage":0,"enemies":"Book of Stabbing","floor":30,"turns":4},{"damage":2,"enemies":"Colosseum Slavers","floor":31,"turns":5},{"damage":0,"enemies":"Colosseum Nobs","floor":31,"turns":4},{"damage":31,"enemies":"Collector","floor":33,"turns":12},{"damage":0,"enemies":"Orb Walker","floor":35,"turns":4},{"damage":6,"enemies":"2 Orb Walkers","floor":36,"turns":6},{"damage":0,"enemies":"3 Shapes","floor":38,"turns":5},{"damage":8,"enemies":"Reptomancer","floor":40,"turns":6},{"damage":10,"enemies":"Nemesis","floor":42,"turns":7},{"damage":0,"enemies":"3 Darklings","floor":45,"turns":5},{"damage":9,"enemies":"Spire Growth","floor":47,"turns":6},{"damage":17,"enemies":"Time Eater","floor":50,"turns":14}],"seed_played":"-471028315541414345","potions_obtained":[{"floor":2.0,"key":"SkillPotion"},{"floor":4.0,"key":"Explosive Potion"},{"floor":10.0,"key":"Dexterity Potion"},{"floor":12.0,"key":"Poison Potion"},{"floor":13.0,"key":"PowerPotion"},{"floor":16.0,"key":"LiquidMemories"},{"floor":21.0,"key":"Fire Potion"},{"floor":24.0,"key":"Swift Potion"},{"floor":27,"key":"Explosive Potion"},{"floor":33,"key":"Energy Potion"},{"floor":38,"key":"SkillPotion"},{"floor":39,"key":"Block Potion"},{"floor":40,"key":"SkillPotion"},{"floor":45,"key":"Weak Potion"}],"is_trial":false,"path_per_floor":["M","M","?","M","?","E","$","E","T","E","$","M","M","$","R","B",null,"M","M","?","M","M","R","E","?","T","E","M","$","E","?","R","B",null,"M","?","$","M","?","E","R","E","T","R","M","R","M","?","R","B",null],"character_chosen":"THE_SILENT","items_purchased":["Apotheosis","Noxious Fumes","Potion Belt","Block Potion","Bag of Marbles"],"campfire_rested":0,"item_purchase_floors":[7,11,29,29,37],"current_hp_per_floor":[56,56,61,60,39,27,27,28,28,19,19,21,23,23,23,9,56,53,47,47,44,41,41,34,34,34,34,36,36,38,52,52,31,61,71,69,69,71,71,63,63,61,61,61,71,71,66,66,66,60],"gold":173,"neow_bonus":"HUNDRED_GOLD","is_prod":false,"is_daily":false,"chose_seed":false,"campfire_upgraded":3,"win_rate":0,"timestamp":1647793833,"path_taken":["M","M","?","M","?","E","?","E","T","E","$","?","M","$","R","BOSS","M","M","?","M","M","R","E","?","T","E","M","$","E","?","R","BOSS","M","?","$","M","?","E","R","E","T","R","?","R","M","?","R","BOSS"],"build_version":"2022-03-07","purchased_purges":3,"victory":true,"max_hp_per_floor":[66,66,71,71,71,71,71,71,71,71,71,71,71,71,71,71,71,71,71,71,71,71,71,71,71,71,71,71,71,71,71,71,71,71,71,71,71,71,71,71,71,71,71,71,71,71,71,71,71,71],"relic_stats":{"Happy Flower":[8],"counters":[28,167],"PreservedInsect":302,"Bag of Preparation":[28],"Whetstone":["Flying Knee","Flechettes"],"Letter Opener":[30],"War Paint":["Defend_G","Dodge and Roll"],"Smiling Mask":125,"Blood Vial":42,"Shovel":4,"Ornamental Fan":[8],"Bird Faced Urn":[59],"Bronze Scales":[118],"obtain_stats":[{"Potion Belt":29,"Lantern":27,"Happy Flower":43,"Thread and Needle":31,"PreservedInsect":9,"Bag of Preparation":26,"Whetstone":8,"Letter Opener":40,"Paper Crane":24,"War Paint":49,"Smiling Mask":10,"Blood Vial":6,"Shovel":36,"WristBlade":34,"Ornamental Fan":46,"Bird Faced Urn":30,"Bronze Scales":41,"Philosopher\u0027s Stone":17,"Molten Egg 2":42,"Bag of Marbles":37,"StrikeDummy":31,"Unceasing Top":44,"Ring of the Snake":0},{"Potion Belt":16,"Lantern":15,"Happy Flower":25,"Thread and Needle":19,"PreservedInsect":5,"Bag of Preparation":14,"Whetstone":5,"Letter Opener":24,"Paper Crane":14,"War Paint":27,"Smiling Mask":6,"Blood Vial":4,"Shovel":22,"WristBlade":20,"Ornamental Fan":26,"Bird Faced Urn":17,"Bronze Scales":24,"Philosopher\u0027s Stone":9,"Molten Egg 2":25,"Bag of Marbles":22,"StrikeDummy":19,"Unceasing Top":25,"Ring of the Snake":0},{"Potion Belt":89,"Lantern":84,"Happy Flower":142,"Thread and Needle":102,"PreservedInsect":25,"Bag of Preparation":77,"Whetstone":25,"Letter Opener":135,"Paper Crane":77,"War Paint":153,"Smiling Mask":29,"Blood Vial":17,"Shovel":124,"WristBlade":114,"Ornamental Fan":147,"Bird Faced Urn":93,"Bronze Scales":135,"Philosopher\u0027s Stone":51,"Molten Egg 2":142,"Bag of Marbles":124,"StrikeDummy":102,"Unceasing Top":142,"Ring of the Snake":0}],"Unceasing Top":[8],"Ring of the Snake":[56]},"card_choices":[{"not_picked":["Quick Slash","Finisher"],"picked":"Flying Knee","floor":1.0},{"not_picked":["PiercingWail","Quick Slash"],"picked":"Poisoned Stab","floor":2.0},{"not_picked":["Calculated Gamble","Night Terror"],"picked":"Cloak And Dagger","floor":4.0},{"not_picked":["Catalyst","Eviscerate"],"picked":"Footwork","floor":6.0},{"not_picked":["Acrobatics","Choke"],"picked":"Flechettes","floor":8.0},{"not_picked":["Sucker Punch","Deadly Poison"],"picked":"Leg Sweep","floor":10.0},{"not_picked":["PiercingWail","Sucker Punch"],"picked":"Dodge and Roll","floor":12.0},{"not_picked":["Setup","Underhanded Strike"],"picked":"Deflect","floor":13.0},{"not_picked":["Venomology","Phantasmal Killer"],"picked":"Glass Knife","floor":16.0},{"not_picked":["Slice+1","Underhanded Strike"],"picked":"Sucker Punch","floor":18.0},{"not_picked":["Phantasmal Killer","Sucker Punch"],"picked":"Dagger Throw","floor":19.0},{"not_picked":["Prepared","Bane"],"picked":"Blade Dance","floor":21.0},{"not_picked":["Setup","Blade Dance"],"picked":"Backflip","floor":22.0},{"not_picked":["Prepared","Storm of Steel"],"picked":"Caltrops","floor":24.0},{"not_picked":["Deadly Poison","Setup"],"picked":"Dodge and Roll+1","floor":27},{"not_picked":["Underhanded Strike","Flying Knee","Dagger Throw+1"],"picked":"SKIP","floor":28},{"not_picked":["Dagger Spray","Masterful Stab","Bouncing Flask"],"picked":"SKIP","floor":30},{"not_picked":["Burst","Unload"],"picked":"After Image","floor":33},{"not_picked":["Skewer+1","Dagger Throw","Concentrate+1"],"picked":"SKIP","floor":35},{"not_picked":["Setup+1","Accuracy"],"picked":"Acrobatics","floor":36},{"not_picked":["Underhanded Strike","Setup","Sucker Punch"],"picked":"SKIP","floor":38},{"not_picked":["Terror","Dagger Spray+1"],"picked":"PiercingWail","floor":40},{"not_picked":["Accuracy","Outmaneuver","Dagger Spray+1"],"picked":"SKIP","floor":42},{"not_picked":["Prepared","Bane+1"],"picked":"Predator+1","floor":45},{"not_picked":["Quick Slash+1","Flying Knee+1","Outmaneuver"],"picked":"SKIP","floor":47}],"player_experience":5092969,"relics_obtained":[{"floor":6.0,"key":"Blood Vial"},{"floor":8.0,"key":"Whetstone"},{"floor":9.0,"key":"PreservedInsect"},{"floor":10.0,"key":"Smiling Mask"},{"floor":24.0,"key":"Paper Crane"},{"floor":26.0,"key":"Bag of Preparation"},{"floor":27,"key":"Lantern"},{"floor":30,"key":"Bird Faced Urn"},{"floor":31,"key":"Thread and Needle"},{"floor":31,"key":"StrikeDummy"},{"floor":36,"key":"Shovel"},{"floor":40,"key":"Letter Opener"},{"floor":41,"key":"Bronze Scales"},{"floor":42,"key":"Molten Egg 2"},{"floor":43,"key":"Happy Flower"},{"floor":44,"key":"Unceasing Top"},{"floor":46,"key":"Ornamental Fan"},{"floor":49,"key":"War Paint"}],"event_choices":[{"damage_healed":0.0,"max_hp_gain":5.0,"max_hp_loss":0.0,"gold_gain":0.0,"event_name":"Big Fish","player_choice":"Donut","floor":3.0,"gold_loss":0.0,"damage_taken":0.0},{"damage_healed":0.0,"max_hp_gain":0.0,"max_hp_loss":0.0,"gold_gain":0.0,"event_name":"Shining Light","player_choice":"Entered Light","floor":5.0,"gold_loss":0.0,"damage_taken":21.0,"cards_upgraded":["Neutralize","Defend_G"]},{"damage_healed":0.0,"max_hp_gain":0.0,"max_hp_loss":0.0,"gold_gain":0.0,"event_name":"Cursed Tome","player_choice":"Ignored","floor":20.0,"gold_loss":0.0,"damage_taken":0.0},{"damage_healed":0.0,"max_hp_gain":0.0,"max_hp_loss":0.0,"gold_gain":0.0,"cards_transformed":["Strike_G","Strike_G"],"event_name":"Drug Dealer","player_choice":"Became Test Subject","floor":25.0,"gold_loss":0.0,"damage_taken":0.0,"cards_obtained":["Caltrops","Slice"]},{"damage_healed":0,"gold_gain":0,"player_choice":"Fight","damage_taken":0,"max_hp_gain":0,"max_hp_loss":0,"event_name":"Colosseum","floor":31,"gold_loss":0},{"damage_healed":0,"gold_gain":0,"player_choice":"Fought Nobs","damage_taken":0,"max_hp_gain":0,"max_hp_loss":0,"event_name":"Colosseum","floor":31,"gold_loss":0},{"damage_healed":0,"gold_gain":0,"player_choice":"Fight","damage_taken":0,"max_hp_gain":0,"max_hp_loss":0,"event_name":"Mysterious Sphere","floor":36,"gold_loss":0},{"damage_healed":0,"gold_gain":0,"player_choice":"Got Potions","damage_taken":0,"max_hp_gain":0,"max_hp_loss":0,"event_name":"Lab","floor":39,"gold_loss":0},{"damage_healed":0,"gold_gain":0,"player_choice":"Upgraded","damage_taken":0,"max_hp_gain":0,"max_hp_loss":0,"event_name":"Upgrade Shrine","floor":48,"gold_loss":0,"cards_upgraded":["Caltrops"]}],"is_beta":false,"boss_relics":[{"not_picked":["Coffee Dripper","Tiny House"],"picked":"Philosopher\u0027s Stone"},{"not_picked":["Pandora\u0027s Box","Busted Crown"],"picked":"WristBlade"}],"items_purged_floors":[7,14,37],"is_endless":false,"potions_floor_spawned":[2,4,10,12,13,16,21,24,27,31,33,38,40,42,45],"ascension_level":15}