{"gold_per_floor":[117,20,36,36,36,36,54,86,112,112,122,136,166,241,241,318,318,337,351,368,62,74,74,99,99,123,134,153,181,192,224,224,300,300,315,121,135,135,160,195,212,242,242,271,284,81,81,125,125,125],"floor_reached":51,"playtime":3089,"items_purged":["Strike_G","Strike_G","Strike_G"],"score":1602,"play_id":"55ffd899-386d-4962-8b94-1fc98f232d81","local_time":"20220409212101","is_ascension_mode":true,"campfire_choices":[{"data":"Bouncing Flask","floor":6.0,"key":"SMITH"},{"data":"Poisoned Stab","floor":10.0,"key":"SMITH"},{"data":"Malaise","floor":15,"key":"SMITH"},{"data":"Apotheosis","floor":23,"key":"SMITH"},{"floor":25,"key":"REST"},{"floor":32,"key":"REST"},{"data":"1","floor":49,"key":"LIFT"}],"neow_cost":"NONE","seed_source_timestamp":132464103085899,"circlet_count":0,"master_deck":["AscendersBane","Strike_G","Strike_G","Defend_G","Defend_G","Defend_G","Defend_G","Defend_G","Survivor","Neutralize","Bouncing Flask+1","Poisoned Stab+1","Footwork","Deadly Poison","Malaise+1","Dagger Throw","After Image","Corpse Explosion","Footwork+1","Deflect","PiercingWail","Apotheosis+1","Crippling Poison","Concentrate","Noxious Fumes","Adrenaline","Acrobatics","Adrenaline","Backflip","Finesse","Footwork","Dodge and Roll","Deflect+1","Backflip","Grand Finale","Escape Plan"],"special_seed":0,"relics":["Ring of the Snake","NeowsBlessing","Regal Pillow","Lantern","Toy Ornithopter","Runic Pyramid","The Courier","Orichalcum","MealTicket","Nunchaku","Fusion Hammer","DollysMirror","Calipers","Mummified Hand","Girya","Anchor","CeramicFish"],"potions_floor_usage":[13,16,22,28,29,31,40,50,50],"damage_taken":[{"damage":0.0,"enemies":"2 Louse","floor":1.0,"turns":1.0},{"damage":0.0,"enemies":"Jaw Worm","floor":3.0,"turns":1.0},{"damage":0.0,"enemies":"Small Slimes","floor":7.0,"turns":1.0},{"damage":25.0,"enemies":"Lagavulin","floor":8.0,"turns":7.0},{"damage":6,"enemies":"3 Louse","floor":11,"turns":5},{"damage":2,"enemies":"Red Slaver","floor":12,"turns":4},{"damage":13,"enemies":"Gremlin Nob","floor":13,"turns":4},{"damage":1,"enemies":"Hexaghost","floor":16,"turns":9},{"damage":0,"enemies":"Chosen","floor":18,"turns":5},{"damage":4,"enemies":"Shell Parasite","floor":19,"turns":7},{"damage":10,"enemies":"Centurion and Healer","floor":20,"turns":7},{"damage":6,"enemies":"Shelled Parasite and Fungi","floor":22,"turns":8},{"damage":8,"enemies":"Book of Stabbing","floor":24,"turns":7},{"damage":5,"enemies":"Snake Plant","floor":27,"turns":5},{"damage":4,"enemies":"Chosen and Byrds","floor":28,"turns":6},{"damage":19,"enemies":"Gremlin Leader","floor":29,"turns":9},{"damage":0,"enemies":"Centurion and Healer","floor":30,"turns":7},{"damage":19,"enemies":"Slavers","floor":31,"turns":3},{"damage":21,"enemies":"Collector","floor":33,"turns":9},{"damage":14,"enemies":"3 Shapes","floor":35,"turns":5},{"damage":0,"enemies":"Orb Walker","floor":37,"turns":4},{"damage":0,"enemies":"Mind Bloom Boss Battle","floor":39,"turns":6},{"damage":2,"enemies":"Giant Head","floor":40,"turns":9},{"damage":0,"enemies":"4 Shapes","floor":41,"turns":4},{"damage":0,"enemies":"Reptomancer","floor":42,"turns":6},{"damage":0,"enemies":"Giant Head","floor":44,"turns":10},{"damage":0,"enemies":"Writhing Mass","floor":45,"turns":7},{"damage":0,"enemies":"Reptomancer","floor":48,"turns":8},{"damage":16,"enemies":"Awakened One","floor":50,"turns":12}],"seed_played":"-4575624901083482500","potions_obtained":[{"floor":3.0,"key":"LiquidMemories"},{"floor":8.0,"key":"CultistPotion"},{"floor":20,"key":"Swift Potion"},{"floor":24,"key":"SpeedPotion"},{"floor":29,"key":"Explosive Potion"},{"floor":30,"key":"ColorlessPotion"},{"floor":33,"key":"LiquidBronze"},{"floor":41,"key":"BlessingOfTheForge"}],"is_trial":false,"path_per_floor":["M","$","M","?","?","R","M","E","T","R","M","M","E","?","R","B",null,"M","M","M","$","M","R","E","R","T","M","M","E","M","E","R","B",null,"M","$","M","?","?","E","M","E","T","E","M","$","?","E","R","B",null],"character_chosen":"THE_SILENT","items_purchased":["Poisoned Stab","Regen Potion","Apotheosis","Strength Potion","DollysMirror","SkillPotion","Grand Finale"],"campfire_rested":2,"item_purchase_floors":[2,2,21,21,36,46,46],"current_hp_per_floor":[59,59,59,59,64,64,64,53,53,53,47,45,32,21,21,25,60,60,56,46,46,45,45,37,71,71,66,67,53,53,39,71,50,66,52,67,67,67,67,69,69,69,69,69,69,71,67,67,67,51],"gold":125,"neow_bonus":"THREE_ENEMY_KILL","is_prod":false,"is_daily":false,"chose_seed":false,"campfire_upgraded":4,"win_rate":0,"timestamp":1649564461,"path_taken":["M","$","M","?","?","R","M","E","T","R","M","M","E","?","R","BOSS","M","M","M","$","M","R","E","R","T","M","M","E","M","E","R","BOSS","M","$","M","?","?","E","M","E","T","E","M","$","?","E","R","BOSS"],"build_version":"2022-03-07","purchased_purges":3,"victory":true,"max_hp_per_floor":[66,66,66,66,71,71,71,71,71,71,71,71,71,71,71,71,71,71,71,71,71,71,71,71,71,71,71,71,71,71,71,71,71,71,71,71,71,71,71,71,71,71,71,71,71,71,67,67,67,67],"card_choices":[{"not_picked":["Bane","Cloak And Dagger"],"picked":"Bouncing Flask","floor":1.0},{"not_picked":["Blur","Prepared"],"picked":"Footwork","floor":3.0},{"not_picked":["Cloak And Dagger","Backflip"],"picked":"Deadly Poison","floor":7.0},{"not_picked":["Dagger Spray","Underhanded Strike"],"picked":"Malaise","floor":8.0},{"not_picked":["Outmaneuver","Concentrate","Quick Slash"],"picked":"SKIP","floor":11},{"not_picked":["Bane","Underhanded Strike"],"picked":"Dagger Throw","floor":12},{"not_picked":["Riddle With Holes","Caltrops"],"picked":"After Image","floor":13},{"not_picked":["Venomology","Bullet Time"],"picked":"Corpse Explosion","floor":16},{"not_picked":["Bane","Dodge and Roll"],"picked":"Footwork+1","floor":18},{"not_picked":["Escape Plan","Cloak And Dagger+1"],"picked":"Deflect","floor":19},{"not_picked":["Quick Slash","Malaise"],"picked":"PiercingWail","floor":20},{"not_picked":["Bane","Deadly Poison","Dagger Throw"],"picked":"SKIP","floor":22},{"not_picked":["Sucker Punch","Phantasmal Killer"],"picked":"Crippling Poison","floor":24},{"not_picked":["Cloak And Dagger","Terror"],"picked":"Concentrate","floor":27},{"not_picked":["Distraction","Poisoned Stab","Bane"],"picked":"SKIP","floor":28},{"not_picked":["Riddle With Holes","Dagger Spray","Outmaneuver"],"picked":"SKIP","floor":29},{"not_picked":["Outmaneuver","Masterful Stab"],"picked":"Noxious Fumes","floor":30},{"not_picked":["Crippling Poison","Quick Slash+1","Dagger Throw"],"picked":"SKIP","floor":31},{"not_picked":["Night Terror","Wraith Form v2"],"picked":"Adrenaline","floor":33},{"not_picked":["Finisher","Blade Dance"],"picked":"Acrobatics","floor":35},{"not_picked":["Cloak And Dagger","PiercingWail"],"picked":"Backflip","floor":37},{"not_picked":["Secret Technique","Flash of Steel"],"picked":"Finesse","floor":38},{"not_picked":["Deadly Poison","Slice+1"],"picked":"Footwork","floor":39},{"not_picked":["Deflect","Quick Slash+1"],"picked":"Dodge and Roll","floor":40},{"not_picked":["Bane+1","Noxious Fumes","Caltrops"],"picked":"SKIP","floor":41},{"not_picked":["Flying Knee","Outmaneuver","Grand Finale"],"picked":"SKIP","floor":42},{"not_picked":["Dash+1","Crippling Poison"],"picked":"Deflect+1","floor":44},{"not_picked":["Blade Dance","Dagger Spray"],"picked":"Backflip","floor":45},{"not_picked":["Skewer","Prepared"],"picked":"Escape Plan","floor":48}],"player_experience":5118475,"relics_obtained":[{"floor":8.0,"key":"Regal Pillow"},{"floor":9.0,"key":"Lantern"},{"floor":13,"key":"Toy Ornithopter"},{"floor":24,"key":"The Courier"},{"floor":26,"key":"Orichalcum"},{"floor":29,"key":"MealTicket"},{"floor":31,"key":"Nunchaku"},{"floor":39,"key":"Calipers"},{"floor":40,"key":"Mummified Hand"},{"floor":43,"key":"Girya"},{"floor":44,"key":"Anchor"},{"floor":48,"key":"CeramicFish"}],"event_choices":[{"damage_healed":0.0,"max_hp_gain":0.0,"max_hp_loss":0.0,"gold_gain":0.0,"event_name":"The Cleric","player_choice":"Leave","floor":4.0,"gold_loss":0.0,"damage_taken":0.0},{"damage_healed":0.0,"max_hp_gain":5.0,"max_hp_loss":0.0,"gold_gain":0.0,"event_name":"Big Fish","player_choice":"Donut","floor":5.0,"gold_loss":0.0,"damage_taken":0.0},{"damage_healed":0,"gold_gain":75,"player_choice":"Gather Gold","damage_taken":11,"max_hp_gain":0,"max_hp_loss":0,"event_name":"World of Goop","floor":14,"gold_loss":0},{"damage_healed":0,"gold_gain":0,"player_choice":"Memory 1","damage_taken":0,"max_hp_gain":0,"max_hp_loss":0,"event_name":"SensoryStone","floor":38,"gold_loss":0},{"damage_healed":0,"gold_gain":0,"player_choice":"Fight","damage_taken":0,"max_hp_gain":0,"max_hp_loss":0,"event_name":"MindBloom","floor":39,"gold_loss":0},{"damage_healed":0,"gold_gain":0,"player_choice":"Max HP","damage_taken":0,"max_hp_gain":0,"max_hp_loss":4,"event_name":"Winding Halls","floor":47,"gold_loss":0}],"is_beta":false,"boss_relics":[{"not_picked":["Tiny House","Busted Crown"],"picked":"Runic Pyramid"},{"not_picked":["Empty Cage","SlaversCollar"],"picked":"Fusion Hammer"}],"items_purged_floors":[21,36,46],"is_endless":false,"potions_floor_spawned":[3,7,8,12,20,24,29,30,33,41,42,44,48],"ascension_level":15}