{"gold_per_floor":[115,132,152,163,163,163,175,210,210,242,255,255,255,266,266,338,338,355,368,380,76,126,126,142,42,91,109,139,139,170,170,170,244,244,255,58,78,97,150,150,179,179,179,179,196,210,237,253,253,253],"floor_reached":51,"playtime":2683,"items_purged":["Pain","Strike_G","Strike_G"],"score":1582,"play_id":"692a5f8d-f784-4b71-adcd-165a51c7052a","local_time":"20220622124637","is_ascension_mode":true,"campfire_choices":[{"data":"Blade Dance","floor":6.0,"key":"SMITH"},{"floor":12.0,"key":"REST"},{"data":"Caltrops","floor":15.0,"key":"SMITH"},{"data":"A Thousand Cuts","floor":23.0,"key":"SMITH"},{"floor":29.0,"key":"REST"},{"data":"After Image","floor":32.0,"key":"SMITH"},{"floor":40.0,"key":"REST"},{"floor":42.0,"key":"RECALL"},{"floor":49,"key":"REST"}],"neow_cost":"NONE","seed_source_timestamp":0,"circlet_count":0,"master_deck":["AscendersBane","Strike_G","Strike_G","Strike_G","Defend_G","Defend_G+1","Defend_G+1","Defend_G","Defend_G","Survivor","Neutralize","Tactician","Blade Dance+1","Finisher","Leg Sweep","Caltrops+1","Poisoned Stab","PiercingWail","Cloak And Dagger","Crippling Poison","Corpse Explosion","A Thousand Cuts+1","Prepared","Footwork","Dodge and Roll","After Image+1","Dodge and Roll","Backflip","Wraith Form v2","Well Laid Plans","Acrobatics","Blur","Riddle With Holes","Reflex","Prepared"],"special_seed":0,"relics":["Ring of the Snake","Orichalcum","Sundial","Paper Crane","WarpedTongs","Busted Crown","Blood Vial","Happy Flower","Snake Skull","War Paint","Fusion Hammer","Incense Burner","Dream Catcher","Unceasing Top","Lizard Tail"],"potions_floor_usage":[46,50,50],"damage_taken":[{"damage":3.0,"enemies":"Jaw Worm","floor":1.0,"turns":6.0},{"damage":7.0,"enemies":"Small Slimes","floor":2.0,"turns":3.0},{"damage":0.0,"enemies":"Cultist","floor":3.0,"turns":2.0},{"damage":6.0,"enemies":"Exordium Thugs","floor":4.0,"turns":6.0},{"damage":5.0,"enemies":"3 Louse","floor":7.0,"turns":4.0},{"damage":8.0,"enemies":"Lagavulin","floor":8.0,"turns":9.0},{"damage":19.0,"enemies":"3 Sentries","floor":10.0,"turns":7.0},{"damage":9.0,"enemies":"Gremlin Gang","floor":11.0,"turns":4.0},{"damage":1.0,"enemies":"Blue Slaver","floor":14.0,"turns":5.0},{"damage":4.0,"enemies":"Hexaghost","floor":16.0,"turns":9.0},{"damage":2.0,"enemies":"3 Byrds","floor":18.0,"turns":3.0},{"damage":14.0,"enemies":"Chosen","floor":19.0,"turns":5.0},{"damage":7.0,"enemies":"Shelled Parasite and Fungi","floor":20.0,"turns":5.0},{"damage":0.0,"enemies":"Centurion and Healer","floor":24.0,"turns":5.0},{"damage":0.0,"enemies":"Cultist and Chosen","floor":27.0,"turns":4.0},{"damage":13.0,"enemies":"Book of Stabbing","floor":28.0,"turns":6.0},{"damage":0.0,"enemies":"Gremlin Leader","floor":30.0,"turns":6.0},{"damage":28.0,"enemies":"Automaton","floor":33.0,"turns":15.0},{"damage":0.0,"enemies":"Orb Walker","floor":35.0,"turns":4.0},{"damage":0.0,"enemies":"3 Shapes","floor":37.0,"turns":4.0},{"damage":2.0,"enemies":"Maw","floor":38.0,"turns":9.0},{"damage":10.0,"enemies":"2 Orb Walkers","floor":39.0,"turns":5.0},{"damage":0.0,"enemies":"Nemesis","floor":41.0,"turns":11.0},{"damage":0,"enemies":"Jaw Worm Horde","floor":45,"turns":3},{"damage":0,"enemies":"Writhing Mass","floor":46,"turns":9},{"damage":0,"enemies":"Giant Head","floor":47,"turns":10},{"damage":5,"enemies":"3 Darklings","floor":48,"turns":2},{"damage":0,"enemies":"Donu and Deca","floor":50,"turns":10}],"seed_played":"1624194940871182268","potions_obtained":[{"floor":3.0,"key":"Block Potion"},{"floor":4.0,"key":"AttackPotion"},{"floor":11.0,"key":"SteroidPotion"},{"floor":14.0,"key":"Weak Potion"},{"floor":30.0,"key":"EssenceOfSteel"},{"floor":38.0,"key":"DistilledChaos"},{"floor":41.0,"key":"AttackPotion"},{"floor":47,"key":"Energy Potion"}],"is_trial":false,"path_per_floor":["M","M","M","M","?","R","M","E","T","E","M","R","?","M","R","B",null,"M","M","M","$","?","R","M","$","T","M","E","R","E","?","R","B",null,"M","$","M","M","?","R","E","R","T","?","M","M","E","M","R","B",null],"character_chosen":"THE_SILENT","items_purchased":["Footwork","Blood Vial","Well Laid Plans"],"campfire_rested":4,"item_purchase_floors":[21,21,36],"current_hp_per_floor":[56,49,49,43,48,48,43,35,35,16,7,28,28,27,27,23,59,57,43,36,36,36,36,38,38,38,40,29,50,52,52,52,26,60,62,62,64,64,56,71,71,71,71,71,71,71,71,66,71,71],"gold":253,"neow_bonus":"THREE_CARDS","is_prod":false,"is_daily":false,"chose_seed":false,"campfire_upgraded":4,"win_rate":0,"timestamp":1655927197,"path_taken":["M","M","M","M","?","R","M","E","T","E","M","R","?","M","R","BOSS","M","M","?","$","?","R","M","$","T","M","E","R","E","?","R","BOSS","M","$","?","M","?","R","E","R","T","?","M","M","E","M","R","BOSS"],"build_version":"2022-03-07","purchased_purges":3,"victory":true,"max_hp_per_floor":[66,66,66,66,71,71,71,71,71,71,71,71,71,71,71,71,71,71,71,71,71,71,71,71,71,71,71,71,71,71,71,71,71,71,71,71,71,71,71,71,71,71,71,71,71,71,71,71,71,71],"relic_stats":{"Happy Flower":[32],"counters":[28,171],"Snake Skull":[47],"Orichalcum":[162],"War Paint":["Defend_G","Defend_G"],"WarpedTongs":[130],"Blood Vial":18,"Dream Catcher":1,"Lizard Tail":0,"Busted Crown":36,"Sundial":[14],"obtain_stats":[{"Happy Flower":26,"Snake Skull":28,"Incense Burner":39,"Orichalcum":8,"Paper Crane":10,"War Paint":30,"WarpedTongs":13,"Blood Vial":21,"Dream Catcher":41,"Lizard Tail":47,"Busted Crown":17,"Sundial":9,"Fusion Hammer":34,"Unceasing Top":43,"Ring of the Snake":0},{"Happy Flower":14,"Snake Skull":16,"Incense Burner":22,"Orichalcum":6,"Paper Crane":7,"War Paint":17,"WarpedTongs":8,"Blood Vial":13,"Dream Catcher":23,"Lizard Tail":26,"Busted Crown":10,"Sundial":6,"Fusion Hammer":18,"Unceasing Top":23,"Ring of the Snake":0},{"Happy Flower":73,"Snake Skull":83,"Incense Burner":126,"Orichalcum":30,"Paper Crane":37,"War Paint":89,"WarpedTongs":41,"Blood Vial":68,"Dream Catcher":137,"Lizard Tail":159,"Busted Crown":55,"Sundial":30,"Fusion Hammer":104,"Unceasing Top":137,"Ring of the Snake":0}],"Unceasing Top":[3],"Ring of the Snake":[56]},"card_choices":[{"not_picked":["Prepared","Slice"],"picked":"Tactician","floor":0.0},{"not_picked":["Flying Knee","Quick Slash"],"picked":"Blade Dance","floor":1.0},{"not_picked":["Calculated Gamble","Deadly Poison"],"picked":"Finisher","floor":2.0},{"not_picked":["Terror","Deflect"],"picked":"Leg Sweep","floor":3.0},{"not_picked":["Expertise","Outmaneuver"],"picked":"Caltrops","floor":4.0},{"not_picked":["Backflip","Sucker Punch"],"picked":"Poisoned Stab","floor":7.0},{"not_picked":["Blade Dance","Dodge and Roll"],"picked":"PiercingWail","floor":8.0},{"not_picked":["Distraction","Prepared"],"picked":"Cloak And Dagger","floor":10.0},{"not_picked":["Flying Knee","Sucker Punch"],"picked":"Crippling Poison","floor":11.0},{"not_picked":["Flying Knee","Riddle With Holes"],"picked":"Corpse Explosion","floor":14.0},{"not_picked":["Corpse Explosion","Venomology"],"picked":"A Thousand Cuts","floor":16.0},{"not_picked":[],"picked":"Underhanded Strike","floor":18.0},{"not_picked":["Sucker Punch"],"picked":"SKIP","floor":19.0},{"not_picked":[],"picked":"Prepared","floor":20.0},{"not_picked":[],"picked":"Dodge and Roll","floor":24.0},{"not_picked":[],"picked":"After Image","floor":27.0},{"not_picked":[],"picked":"Dodge and Roll","floor":28.0},{"not_picked":["Underhanded Strike"],"picked":"SKIP","floor":30.0},{"not_picked":[],"picked":"Wraith Form v2","floor":33.0},{"not_picked":["Terror"],"picked":"SKIP","floor":35.0},{"not_picked":["Cloak And Dagger"],"picked":"SKIP","floor":37.0},{"not_picked":[],"picked":"Acrobatics","floor":38.0},{"not_picked":[],"picked":"Blur","floor":39.0},{"not_picked":["Concentrate"],"picked":"SKIP","floor":41.0},{"not_picked":[],"picked":"Riddle With Holes","floor":45},{"not_picked":["Bane"],"picked":"SKIP","floor":46},{"not_picked":[],"picked":"Reflex","floor":47},{"not_picked":[],"picked":"Prepared","floor":48}],"player_experience":5152140,"relics_obtained":[{"floor":8.0,"key":"Orichalcum"},{"floor":9.0,"key":"Sundial"},{"floor":10.0,"key":"Paper Crane"},{"floor":26.0,"key":"Happy Flower"},{"floor":28.0,"key":"Snake Skull"},{"floor":30.0,"key":"War Paint"},{"floor":39.0,"key":"Incense Burner"},{"floor":41.0,"key":"Dream Catcher"},{"floor":43.0,"key":"Unceasing Top"},{"floor":47,"key":"Lizard Tail"}],"event_choices":[{"damage_healed":0.0,"max_hp_gain":5.0,"max_hp_loss":0.0,"gold_gain":0.0,"event_name":"Big Fish","player_choice":"Donut","floor":5.0,"gold_loss":0.0,"damage_taken":0.0},{"damage_healed":0.0,"max_hp_gain":0.0,"max_hp_loss":0.0,"gold_gain":0.0,"event_name":"Accursed Blacksmith","player_choice":"Rummage","floor":13.0,"gold_loss":0.0,"damage_taken":0.0,"relics_obtained":["WarpedTongs"],"cards_obtained":["Pain"]},{"damage_healed":0.0,"max_hp_gain":0.0,"max_hp_loss":0.0,"gold_gain":50.0,"event_name":"Nest","player_choice":"Stole From Cult","floor":22.0,"gold_loss":0.0,"damage_taken":0.0},{"damage_healed":0.0,"max_hp_gain":0.0,"max_hp_loss":0.0,"gold_gain":0.0,"event_name":"Match and Keep!","player_choice":"1 cards matched","floor":31.0,"gold_loss":0.0,"damage_taken":0.0,"cards_obtained":["Backflip"]},{"damage_healed":0.0,"max_hp_gain":0.0,"max_hp_loss":0.0,"gold_gain":0.0,"event_name":"Mysterious Sphere","player_choice":"Fight","floor":39.0,"gold_loss":0.0,"damage_taken":0.0},{"cards_removed":["Underhanded Strike"],"damage_healed":0,"gold_gain":0,"player_choice":"Removed Attack","damage_taken":0,"max_hp_gain":0,"max_hp_loss":0,"event_name":"Falling","floor":44,"gold_loss":0}],"is_beta":false,"boss_relics":[{"not_picked":["Black Star","Coffee Dripper"],"picked":"Busted Crown"},{"not_picked":["Runic Dome","Snecko Eye"],"picked":"Fusion Hammer"}],"items_purged_floors":[21,25,36],"is_endless":false,"potions_floor_spawned":[3,4,7,11,14,27,28,30,38,41,47,48],"ascension_level":15}