{"gold_per_floor":[364,380,55,65,83,118,118,118,118,143,161,86,101,120,120,198,198,214,264,280,180,360,393,393,403,430,440,21,35,35,47,47,124,124,136,155,430,444,495,495,525,525,525,550,37,37,0,20,20,20],"floor_reached":51,"playtime":2062,"items_purged":["Strike_G","Strike_G","Strike_G","Strike_G"],"score":1325,"play_id":"1db6b307-e9cb-4ae8-838a-f9ad26f72d3e","local_time":"20220818183600","is_ascension_mode":true,"campfire_choices":[{"data":"Dagger Spray","floor":8.0,"key":"SMITH"},{"data":"Accuracy","floor":15.0,"key":"SMITH"},{"data":"Acrobatics","floor":24.0,"key":"SMITH"},{"floor":30,"key":"REST"},{"floor":32,"key":"REST"},{"floor":40,"key":"REST"},{"floor":42,"key":"REST"},{"floor":46,"key":"REST"},{"data":"A Thousand Cuts","floor":49,"key":"SMITH"}],"neow_cost":"TEN_PERCENT_HP_LOSS","seed_source_timestamp":120007876687300,"circlet_count":0,"master_deck":["AscendersBane","Strike_G+1","Defend_G","Defend_G","Defend_G","Defend_G","Defend_G","Survivor","Neutralize+1","Deadly Poison","Infinite Blades","Accuracy+1","Dagger Spray+1","Backstab+1","Cloak And Dagger","Footwork","Blade Dance","Escape Plan","Storm of Steel","Glass Knife","Acrobatics+1","Deflect","Sucker Punch+1","Tools of the Trade","CurseOfTheBell","Prepared+1","Regret","Burst","Dodge and Roll","A Thousand Cuts+1","Blade Dance","Deflect","Dark Shackles"],"special_seed":0,"relics":["Ring of the Snake","Ninja Scroll","Singing Bowl","The Specimen","StoneCalendar","HoveringKite","Whetstone","Nunchaku","HornCleat","Calling Bell","Strawberry","Gremlin Horn","Du-Vu Doll","Turnip","Question Card","Paper Crane","Blood Vial","DollysMirror","Red Mask"],"potions_floor_usage":[27,29,33,33,38,39,48,50],"damage_taken":[{"damage":1.0,"enemies":"2 Louse","floor":1.0,"turns":4.0},{"damage":0.0,"enemies":"Cultist","floor":2.0,"turns":4.0},{"damage":0.0,"enemies":"Small Slimes","floor":4.0,"turns":2.0},{"damage":3.0,"enemies":"Exordium Thugs","floor":5.0,"turns":4.0},{"damage":12.0,"enemies":"3 Sentries","floor":6.0,"turns":7.0},{"damage":12.0,"enemies":"Gremlin Nob","floor":10.0,"turns":3.0},{"damage":0.0,"enemies":"Blue Slaver","floor":11.0,"turns":1.0},{"damage":0.0,"enemies":"Gremlin Gang","floor":13.0,"turns":4.0},{"damage":0.0,"enemies":"3 Louse","floor":14.0,"turns":2.0},{"damage":8.0,"enemies":"Slime Boss","floor":16.0,"turns":8.0},{"damage":0.0,"enemies":"Spheric Guardian","floor":18.0,"turns":1.0},{"damage":0.0,"enemies":"3 Byrds","floor":20.0,"turns":4.0},{"damage":0.0,"enemies":"Gremlin Leader","floor":23.0,"turns":4.0},{"damage":2.0,"enemies":"Snecko","floor":25.0,"turns":3.0},{"damage":0,"enemies":"Cultist and Chosen","floor":27,"turns":3},{"damage":20,"enemies":"Snake Plant","floor":29,"turns":6},{"damage":0,"enemies":"Shelled Parasite and Fungi","floor":31,"turns":3},{"damage":56,"enemies":"Collector","floor":33,"turns":8},{"damage":0,"enemies":"Orb Walker","floor":35,"turns":4},{"damage":0,"enemies":"3 Shapes","floor":36,"turns":1},{"damage":0,"enemies":"Jaw Worm Horde","floor":38,"turns":3},{"damage":16,"enemies":"2 Orb Walkers","floor":39,"turns":3},{"damage":28,"enemies":"Nemesis","floor":41,"turns":5},{"damage":25,"enemies":"Giant Head","floor":44,"turns":8},{"damage":0,"enemies":"3 Darklings","floor":48,"turns":3},{"damage":52,"enemies":"Awakened One","floor":50,"turns":14}],"seed_played":"-3522612903860121820","potions_obtained":[{"floor":2.0,"key":"Explosive Potion"},{"floor":4.0,"key":"AttackPotion"},{"floor":10.0,"key":"EssenceOfSteel"},{"floor":14.0,"key":"SteroidPotion"},{"floor":18.0,"key":"SteroidPotion"},{"floor":27,"key":"ColorlessPotion"},{"floor":31,"key":"DuplicationPotion"},{"floor":33,"key":"AttackPotion"},{"floor":38,"key":"SteroidPotion"},{"floor":41,"key":"Explosive Potion"}],"is_trial":false,"path_per_floor":["M","M","$","M","M","E","?","R","T","E","M","$","M","M","R","B",null,"M","?","M","$","?","E","R","M","T","M","$","M","R","M","R","B",null,"M","M","?","M","?","R","E","R","T","E","$","R","?","M","R","B",null],"character_chosen":"THE_SILENT","items_purchased":["Accuracy","Ninja Scroll","HornCleat","AttackPotion","DollysMirror","EssenceOfSteel","Deflect","Dark Shackles"],"campfire_rested":5,"item_purchase_floors":[3,3,28,28,45,45,45,45],"current_hp_per_floor":[58,58,58,58,55,43,43,43,43,31,31,31,31,33,33,25,53,55,55,55,55,36,36,36,34,34,34,34,16,35,37,57,1,58,60,60,60,60,46,69,41,64,64,39,39,62,62,66,66,16],"gold":20,"neow_bonus":"TWO_FIFTY_GOLD","is_prod":false,"is_daily":false,"chose_seed":false,"campfire_upgraded":4,"win_rate":0,"timestamp":1660872960,"path_taken":["M","M","$","M","M","E","?","R","T","E","M","$","M","?","R","BOSS","M","?","M","?","?","E","R","M","T","?","$","?","R","M","R","BOSS","M","M","?","?","?","R","E","R","T","E","$","R","?","M","R","BOSS"],"build_version":"2022-03-07","purchased_purges":4,"victory":true,"max_hp_per_floor":[60,60,60,60,60,60,60,60,60,60,60,60,60,62,62,62,62,64,64,64,64,64,64,64,64,64,64,64,66,66,68,68,68,75,77,77,77,77,79,79,79,79,79,79,79,79,79,81,81,81],"relic_stats":{"Singing Bowl":14,"The Specimen":[19],"Gremlin Horn":[11,11],"counters":[26,112],"HoveringKite":[47],"StoneCalendar":[167],"Whetstone":["Strike_G","Backstab"],"Question Card":2,"Blood Vial":4,"Nunchaku":[24],"Turnip":[0],"obtain_stats":[{"Singing Bowl":6,"The Specimen":9,"Gremlin Horn":34,"HoveringKite":17,"StoneCalendar":10,"Whetstone":23,"Paper Crane":43,"Question Card":41,"Calling Bell":34,"Du-Vu Doll":34,"Blood Vial":44,"Nunchaku":26,"HornCleat":28,"Ninja Scroll":3,"DollysMirror":45,"Strawberry":34,"Turnip":39,"Red Mask":47,"Ring of the Snake":0},{"Singing Bowl":5,"The Specimen":5,"Gremlin Horn":18,"HoveringKite":10,"StoneCalendar":6,"Whetstone":13,"Paper Crane":23,"Question Card":23,"Calling Bell":18,"Du-Vu Doll":18,"Blood Vial":24,"Nunchaku":14,"HornCleat":15,"Ninja Scroll":2,"DollysMirror":24,"Strawberry":18,"Turnip":22,"Red Mask":24,"Ring of the Snake":0},{"Singing Bowl":21,"The Specimen":21,"Gremlin Horn":71,"HoveringKite":39,"StoneCalendar":24,"Whetstone":48,"Paper Crane":87,"Question Card":87,"Calling Bell":71,"Du-Vu Doll":71,"Blood Vial":95,"Nunchaku":51,"HornCleat":54,"Ninja Scroll":8,"DollysMirror":95,"Strawberry":71,"Turnip":82,"Red Mask":95,"Ring of the Snake":0}],"Ring of the Snake":[52]},"card_choices":[{"not_picked":["Outmaneuver","Acrobatics"],"picked":"Deadly Poison","floor":1.0},{"not_picked":["PiercingWail","Setup"],"picked":"Infinite Blades","floor":2.0},{"not_picked":["Dodge and Roll","Finisher"],"picked":"Dagger Spray","floor":4.0},{"not_picked":["Dagger Throw","Heel Hook"],"picked":"Backstab","floor":5.0},{"not_picked":["Prepared","Quick Slash"],"picked":"Cloak And Dagger","floor":6.0},{"not_picked":["Noxious Fumes","Poisoned Stab"],"picked":"Footwork","floor":10.0},{"not_picked":["Bane","Prepared"],"picked":"Blade Dance","floor":11.0},{"not_picked":["Finisher","All Out Attack"],"picked":"Escape Plan","floor":13.0},{"not_picked":["Outmaneuver","Predator","Slice"],"picked":"Singing Bowl","floor":14.0},{"not_picked":["Phantasmal Killer","Corpse Explosion"],"picked":"Storm of Steel","floor":16.0},{"not_picked":["Prepared","Slice","Flying Knee"],"picked":"Singing Bowl","floor":18.0},{"not_picked":["Dagger Throw","Dagger Spray"],"picked":"Glass Knife","floor":20.0},{"not_picked":["Infinite Blades","Bane"],"picked":"Acrobatics","floor":23.0},{"not_picked":["Acrobatics","PiercingWail"],"picked":"Deflect","floor":25.0},{"not_picked":["Bane","Slice"],"picked":"Sucker Punch+1","floor":27},{"not_picked":["Bane","Poisoned Stab","Distraction+1"],"picked":"Singing Bowl","floor":29},{"not_picked":["PiercingWail","Sucker Punch","Tactician"],"picked":"Singing Bowl","floor":31},{"not_picked":["Venomology","Grand Finale"],"picked":"Tools of the Trade","floor":33},{"not_picked":["Heel Hook","Bouncing Flask+1","Well Laid Plans+1"],"picked":"Singing Bowl","floor":35},{"not_picked":["Bane","Crippling Poison"],"picked":"Prepared+1","floor":36},{"not_picked":["Cloak And Dagger","Masterful Stab"],"picked":"Burst","floor":38},{"not_picked":["Slice","Poisoned Stab+1","Distraction"],"picked":"Singing Bowl","floor":39},{"not_picked":["PiercingWail","Expertise"],"picked":"Dodge and Roll","floor":41},{"not_picked":["Riddle With Holes","Accuracy","Outmaneuver"],"picked":"A Thousand Cuts","floor":44},{"not_picked":["Deadly Poison","Eviscerate","Outmaneuver","Skewer"],"picked":"Singing Bowl","floor":48}],"player_experience":5218300,"relics_obtained":[{"floor":6.0,"key":"Singing Bowl"},{"floor":9.0,"key":"The Specimen"},{"floor":10.0,"key":"StoneCalendar"},{"floor":23.0,"key":"Whetstone"},{"floor":26.0,"key":"Nunchaku"},{"floor":34,"key":"Strawberry"},{"floor":34,"key":"Gremlin Horn"},{"floor":34,"key":"Du-Vu Doll"},{"floor":39,"key":"Turnip"},{"floor":41,"key":"Question Card"},{"floor":43,"key":"Paper Crane"},{"floor":44,"key":"Blood Vial"}],"event_choices":[{"damage_healed":0.0,"max_hp_gain":0.0,"max_hp_loss":0.0,"gold_gain":0.0,"event_name":"Upgrade Shrine","player_choice":"Upgraded","floor":7.0,"gold_loss":0.0,"damage_taken":0.0,"cards_upgraded":["Neutralize"]},{"damage_healed":0.0,"max_hp_gain":0.0,"max_hp_loss":0.0,"gold_gain":100.0,"event_name":"The Joust","player_choice":"Bet on Murderer","floor":19.0,"gold_loss":50.0,"damage_taken":0.0},{"damage_healed":0.0,"max_hp_gain":0.0,"max_hp_loss":0.0,"gold_gain":180.0,"event_name":"Knowing Skull","player_choice":"GOLD GOLD ","floor":22.0,"potions_obtained":[],"gold_loss":0.0,"damage_taken":19.0,"cards_obtained":[]},{"damage_healed":0,"gold_gain":275,"player_choice":"Desecrate","damage_taken":0,"max_hp_gain":0,"max_hp_loss":0,"event_name":"Golden Shrine","floor":37,"gold_loss":0,"cards_obtained":["Regret"]},{"damage_healed":0,"gold_gain":0,"player_choice":"Fight","damage_taken":0,"max_hp_gain":0,"max_hp_loss":0,"event_name":"Mysterious Sphere","floor":39,"gold_loss":0},{"damage_healed":0,"gold_gain":0,"player_choice":"Paid","damage_taken":0,"relics_obtained":["Red Mask"],"max_hp_gain":0,"max_hp_loss":0,"event_name":"Tomb of Lord Red Mask","floor":47,"gold_loss":37}],"is_beta":false,"boss_relics":[{"not_picked":["Runic Dome","Snecko Eye"],"picked":"HoveringKite"},{"not_picked":["Fusion Hammer","Black Star"],"picked":"Calling Bell"}],"items_purged_floors":[12,21,28,45],"is_endless":false,"potions_floor_spawned":[2,4,10,14,18,27,31,33,38,41],"ascension_level":15}