{"gold_per_floor":[117,192,7,25,48,83,83,100,100,134,149,161,192,203,203,277,277,295,295,309,309,329,329,355,355,382,382,65,109,4,21,21,105,105,124,139,13,36,82,135,147,197,261,292,304,0,30,42,54,66],"floor_reached":51,"playtime":2420,"items_purged":["Strike_G"],"score":1392,"play_id":"38a35663-5b78-4230-bf04-e9a3cc798a71","local_time":"20220829164829","is_ascension_mode":true,"campfire_choices":[{"data":"Cloak And Dagger","floor":7.0,"key":"SMITH"},{"data":"Neutralize","floor":15.0,"key":"SMITH"},{"floor":23,"key":"REST"},{"floor":25,"key":"REST"},{"data":"Burst","floor":27,"key":"SMITH"},{"data":"Apotheosis","floor":32,"key":"SMITH"},{"floor":41,"key":"REST"},{"data":"PiercingWail","floor":45,"key":"SMITH"},{"data":"Footwork","floor":49,"key":"SMITH"}],"neow_cost":"NONE","seed_source_timestamp":142475326843800,"circlet_count":0,"master_deck":["AscendersBane","Strike_G","Strike_G","Defend_G","Defend_G","Defend_G","Defend_G","Defend_G","Survivor","Neutralize+1","Deadly Poison","Well Laid Plans","Dagger Throw","Cloak And Dagger+1","Dagger Spray","Blade Dance","Backflip","Blade Dance","Leg Sweep","Finisher","Burst+1","Dodge and Roll","PiercingWail+1","Infinite Blades","Footwork+1","Blur","Apotheosis+1","Venomology","Terror","Doppelganger","Finesse","Dark Shackles","Footwork+1","Escape Plan","Venomology","Skewer"],"special_seed":0,"relics":["Ring of the Snake","NeowsBlessing","Chemical X","Omamori","Shuriken","The Courier","Regal Pillow","Snake Skull","Empty Cage","Gremlin Horn","FaceOfCleric","Orichalcum","CeramicFish","Bird Faced Urn","SacredBark","MawBank","The Specimen","Lantern","Bag of Marbles","Bag of Preparation","Red Mask"],"potions_floor_usage":[22,29,31,33,33,35,35,39,40,42,44,44,47,47,50,50,50,50],"damage_taken":[{"damage":0.0,"enemies":"2 Louse","floor":1.0,"turns":1.0},{"damage":0.0,"enemies":"Jaw Worm","floor":4.0,"turns":1.0},{"damage":0.0,"enemies":"Lagavulin","floor":6.0,"turns":1.0},{"damage":0.0,"enemies":"Cultist","floor":8.0,"turns":3.0},{"damage":8.0,"enemies":"Gremlin Nob","floor":10.0,"turns":4.0},{"damage":0.0,"enemies":"2 Fungi Beasts","floor":11.0,"turns":2.0},{"damage":8.0,"enemies":"Blue Slaver","floor":12.0,"turns":4.0},{"damage":4.0,"enemies":"3 Sentries","floor":13.0,"turns":8.0},{"damage":0.0,"enemies":"Gremlin Gang","floor":14.0,"turns":4.0},{"damage":8.0,"enemies":"The Guardian","floor":16.0,"turns":14.0},{"damage":7.0,"enemies":"Shell Parasite","floor":18.0,"turns":7.0},{"damage":34.0,"enemies":"2 Thieves","floor":20.0,"turns":5.0},{"damage":12,"enemies":"Sentry and Sphere","floor":22,"turns":8},{"damage":7,"enemies":"Gremlin Leader","floor":24,"turns":4},{"damage":42,"enemies":"Book of Stabbing","floor":29,"turns":6},{"damage":7,"enemies":"Snake Plant","floor":31,"turns":9},{"damage":14,"enemies":"Collector","floor":33,"turns":8},{"damage":3,"enemies":"3 Darklings","floor":35,"turns":5},{"damage":4,"enemies":"3 Shapes","floor":36,"turns":7},{"damage":0,"enemies":"Mind Bloom Boss Battle","floor":39,"turns":5},{"damage":37,"enemies":"Reptomancer","floor":40,"turns":5},{"damage":33,"enemies":"Giant Head","floor":42,"turns":8},{"damage":19,"enemies":"Writhing Mass","floor":44,"turns":8},{"damage":2,"enemies":"Transient","floor":47,"turns":5},{"damage":27,"enemies":"Donu and Deca","floor":50,"turns":9}],"seed_played":"7570022921942805869","potions_obtained":[{"floor":6.0,"key":"SpeedPotion"},{"floor":8.0,"key":"Fire Potion"},{"floor":11.0,"key":"SpeedPotion"},{"floor":13.0,"key":"PowerPotion"},{"floor":24,"key":"Regen Potion"},{"floor":31,"key":"GhostInAJar"},{"floor":33,"key":"Swift Potion"},{"floor":42,"key":"Regen Potion"}],"is_trial":false,"path_per_floor":["M","?","$","M","T","E","R","M","T","E","M","M","E","M","R","B",null,"M","?","M","?","M","R","E","R","T","R","$","E","$","M","R","B",null,"M","M","$","T","?","E","R","E","T","M","R","?","M","$","R","B",null],"character_chosen":"THE_SILENT","items_purchased":["Chemical X","Well Laid Plans","Footwork","Blur","Apotheosis","PowerPotion","Terror","DistilledChaos","Finesse","Dark Shackles"],"campfire_rested":3,"item_purchase_floors":[3,3,28,28,28,28,30,30,37,37],"current_hp_per_floor":[59,48,48,48,48,48,48,48,48,40,40,32,28,28,28,20,55,48,48,14,14,3,38,32,67,67,67,67,41,41,41,41,36,62,66,69,69,69,74,42,75,47,47,77,77,77,78,78,78,79],"gold":78,"neow_bonus":"THREE_ENEMY_KILL","is_prod":false,"is_daily":false,"chose_seed":false,"campfire_upgraded":6,"win_rate":0,"timestamp":1661816909,"path_taken":["M","?","$","M","?","E","R","M","T","E","M","M","E","M","R","BOSS","M","?","M","?","M","R","E","R","T","R","$","E","$","M","R","BOSS","M","M","$","?","?","E","R","E","T","M","R","?","M","?","R","BOSS"],"build_version":"2022-03-07","purchased_purges":1,"victory":true,"max_hp_per_floor":[66,66,66,66,66,66,66,66,66,66,66,66,66,66,66,66,66,66,66,66,66,67,67,68,68,68,68,68,69,69,70,70,71,71,72,73,73,73,74,75,75,76,76,77,77,77,78,78,78,79],"relic_stats":{"Regal Pillow":41,"Gremlin Horn":[17,17],"The Specimen":[0],"counters":[25,141],"CeramicFish":108,"The Courier":151,"Snake Skull":[10],"Omamori":2,"Bag of Preparation":[6],"Orichalcum":[96],"MawBank":156,"FaceOfCleric":13,"Shuriken":[101],"Bird Faced Urn":[56],"Chemical X":[12],"obtain_stats":[{"Regal Pillow":10,"Lantern":40,"NeowsBlessing":0,"Gremlin Horn":19,"The Specimen":39,"CeramicFish":26,"SacredBark":34,"The Courier":9,"Snake Skull":13,"Omamori":5,"Bag of Preparation":43,"Orichalcum":24,"Empty Cage":17,"MawBank":38,"FaceOfCleric":21,"Shuriken":6,"Bird Faced Urn":29,"Bag of Marbles":42,"Red Mask":46,"Chemical X":3,"Ring of the Snake":0},{"Regal Pillow":5,"Lantern":21,"NeowsBlessing":0,"Gremlin Horn":11,"The Specimen":20,"CeramicFish":14,"SacredBark":17,"The Courier":4,"Snake Skull":8,"Omamori":2,"Bag of Preparation":22,"Orichalcum":14,"Empty Cage":10,"MawBank":19,"FaceOfCleric":12,"Shuriken":3,"Bird Faced Urn":15,"Bag of Marbles":22,"Red Mask":23,"Chemical X":1,"Ring of the Snake":0},{"Regal Pillow":10,"Lantern":111,"NeowsBlessing":0,"Gremlin Horn":49,"The Specimen":106,"CeramicFish":66,"SacredBark":89,"The Courier":6,"Snake Skull":24,"Omamori":2,"Bag of Preparation":119,"Orichalcum":66,"Empty Cage":42,"MawBank":101,"FaceOfCleric":54,"Shuriken":3,"Bird Faced Urn":72,"Bag of Marbles":119,"Red Mask":127,"Chemical X":1,"Ring of the Snake":0}],"Ring of the Snake":[50]},"card_choices":[{"not_picked":["Finisher","Backflip"],"picked":"Deadly Poison","floor":1.0},{"not_picked":["Deadly Poison","Heel Hook"],"picked":"Dagger Throw","floor":4.0},{"not_picked":["Sucker Punch","Slice"],"picked":"Cloak And Dagger","floor":6.0},{"not_picked":["Sucker Punch","Corpse Explosion"],"picked":"Dagger Spray","floor":8.0},{"not_picked":["Expertise","Masterful Stab"],"picked":"Blade Dance","floor":10.0},{"not_picked":["Sucker Punch","Deadly Poison"],"picked":"Backflip","floor":11.0},{"not_picked":["Escape Plan","Expertise"],"picked":"Blade Dance","floor":12.0},{"not_picked":["Prepared","Bane"],"picked":"Leg Sweep","floor":13.0},{"not_picked":["Cloak And Dagger","Sucker Punch"],"picked":"Finisher","floor":14.0},{"not_picked":["Unload","Doppelganger"],"picked":"Burst","floor":16.0},{"not_picked":["Setup","Flying Knee"],"picked":"Dodge and Roll","floor":18.0},{"not_picked":["Bane","Prepared"],"picked":"PiercingWail","floor":20.0},{"not_picked":["Noxious Fumes","Dagger Throw","Flying Knee"],"picked":"SKIP","floor":22},{"not_picked":["Cloak And Dagger","Bane"],"picked":"Infinite Blades","floor":24},{"not_picked":["Quick Slash","Outmaneuver"],"picked":"Venomology","floor":29},{"not_picked":["Prepared","Poisoned Stab+1","Bouncing Flask"],"picked":"SKIP","floor":31},{"not_picked":["Glass Knife","Tools of the Trade"],"picked":"Doppelganger","floor":33},{"not_picked":["Dagger Spray","Catalyst","Poisoned Stab"],"picked":"SKIP","floor":35},{"not_picked":["Setup","Bane","Deadly Poison"],"picked":"SKIP","floor":36},{"not_picked":["Flying Knee","Dagger Spray"],"picked":"Footwork+1","floor":39},{"not_picked":["Backflip","Dodge and Roll"],"picked":"Escape Plan","floor":40},{"not_picked":["Wraith Form v2","Deadly Poison"],"picked":"Venomology","floor":42},{"not_picked":["Crippling Poison","Sucker Punch"],"picked":"Skewer","floor":44},{"not_picked":["Slice","Predator","Backflip"],"picked":"SKIP","floor":47}],"player_experience":5246687,"relics_obtained":[{"floor":5.0,"key":"Omamori"},{"floor":6.0,"key":"Shuriken"},{"floor":9.0,"key":"The Courier"},{"floor":10.0,"key":"Regal Pillow"},{"floor":13.0,"key":"Snake Skull"},{"floor":24,"key":"Orichalcum"},{"floor":26,"key":"CeramicFish"},{"floor":29,"key":"Bird Faced Urn"},{"floor":38,"key":"MawBank"},{"floor":39,"key":"The Specimen"},{"floor":40,"key":"Lantern"},{"floor":42,"key":"Bag of Marbles"},{"floor":43,"key":"Bag of Preparation"}],"event_choices":[{"damage_healed":0.0,"max_hp_gain":0.0,"max_hp_loss":0.0,"gold_gain":75.0,"event_name":"World of Goop","player_choice":"Gather Gold","floor":2.0,"gold_loss":0.0,"damage_taken":11.0},{"damage_healed":0.0,"max_hp_gain":0.0,"max_hp_loss":0.0,"gold_gain":0.0,"event_name":"Addict","player_choice":"Stole Relic","floor":19.0,"gold_loss":0.0,"damage_taken":0.0,"relics_obtained":["Gremlin Horn"],"cards_obtained":["Shame"]},{"damage_healed":0.0,"max_hp_gain":0.0,"max_hp_loss":0.0,"gold_gain":0.0,"event_name":"FaceTrader","player_choice":"Trade","floor":21.0,"gold_loss":0.0,"damage_taken":0.0,"relics_obtained":["FaceOfCleric"]},{"damage_healed":0,"gold_gain":0,"player_choice":"Fight","damage_taken":0,"max_hp_gain":0,"max_hp_loss":0,"event_name":"MindBloom","floor":39,"gold_loss":0},{"damage_healed":0,"gold_gain":0,"player_choice":"Paid","damage_taken":0,"relics_obtained":["Red Mask"],"max_hp_gain":0,"max_hp_loss":0,"event_name":"Tomb of Lord Red Mask","floor":46,"gold_loss":316}],"is_beta":false,"boss_relics":[{"not_picked":["Ectoplasm","Ring of the Serpent"],"picked":"Empty Cage"},{"not_picked":["Coffee Dripper","Runic Pyramid"],"picked":"SacredBark"}],"items_purged_floors":[28],"is_endless":false,"potions_floor_spawned":[6,8,11,13,14,24,31,33,36,42,47],"ascension_level":15}