{"gold_per_floor":[115,115,115,129,5,36,36,56,56,82,106,131,156,178,190,277,289,312,324,336,362,374,400,412,75,75,102,102,113,133,165,165,242,292,309,319,265,137,156,156,188,188,242,271,271,21,21,53,53,53],"floor_reached":51,"playtime":5133,"items_purged":["Noxious Fumes","Caltrops+1"],"score":1443,"play_id":"27fb7c7c-a968-422a-a358-cba4d8049419","local_time":"20220924222201","is_ascension_mode":true,"campfire_choices":[{"data":"Caltrops","floor":7,"key":"SMITH"},{"data":"1","floor":15,"key":"LIFT"},{"data":"2","floor":24,"key":"LIFT"},{"data":"3","floor":28,"key":"LIFT"},{"data":"Well Laid Plans","floor":32,"key":"SMITH"},{"data":"Infinite Blades","floor":40,"key":"SMITH"},{"data":"After Image","floor":42,"key":"SMITH"},{"data":"Neutralize","floor":45,"key":"SMITH"},{"data":"Calculated Gamble","floor":49,"key":"SMITH"}],"neow_cost":"NONE","seed_source_timestamp":43196203569500,"circlet_count":0,"master_deck":["AscendersBane","Strike_G+1","Strike_G+1","Strike_G+1","Defend_G+1","Defend_G+1","Defend_G+1","Defend_G+1","Defend_G+1","Survivor","Neutralize+1","Sucker Punch","Slice","Dagger Spray","Dagger Throw","Accuracy","Cloak And Dagger","Escape Plan","Dodge and Roll","Infinite Blades+1","Blur","Corpse Explosion","Backflip","Finisher","Poisoned Stab+1","Backstab","Deflect","Adrenaline","Adrenaline","Footwork","Blur","Backstab","Well Laid Plans+1","Die Die Die","Backflip","Dodge and Roll","Flechettes","Calculated Gamble+1","After Image+1","Glass Knife","Shame","PiercingWail","Leg Sweep"],"relics":["Ring of the Snake","NeowsBlessing","Lizard Tail","Girya","Prayer Wheel","MawBank","Cursed Key","Membership Card","Paper Crane","Kunai","Centennial Puzzle","Tiny House","Blue Candle","Gremlin Horn","Du-Vu Doll","Omamori","StoneCalendar","Torii","MealTicket","Tough Bandages"],"potions_floor_usage":[10,12,14,16,18,30,34,41,50],"damage_taken":[{"damage":0,"enemies":"2 Louse","floor":1,"turns":1},{"damage":0,"enemies":"Small Slimes","floor":4,"turns":1},{"damage":0,"enemies":"3 Sentries","floor":6,"turns":1},{"damage":0,"enemies":"Jaw Worm","floor":8,"turns":4},{"damage":4,"enemies":"Lagavulin","floor":10,"turns":7},{"damage":12,"enemies":"Looter","floor":11,"turns":4},{"damage":0,"enemies":"Blue Slaver","floor":12,"turns":3},{"damage":0,"enemies":"2 Fungi Beasts","floor":13,"turns":4},{"damage":1,"enemies":"Exordium Thugs","floor":14,"turns":4},{"damage":4,"enemies":"The Guardian","floor":16,"turns":10},{"damage":26,"enemies":"2 Thieves","floor":18,"turns":3},{"damage":17,"enemies":"Spheric Guardian","floor":21,"turns":5},{"damage":0,"enemies":"Cultist and Chosen","floor":23,"turns":3},{"damage":0,"enemies":"Gremlin Leader","floor":27,"turns":5},{"damage":0,"enemies":"3 Cultists","floor":29,"turns":3},{"damage":0,"enemies":"Chosen and Byrds","floor":30,"turns":4},{"damage":2,"enemies":"Book of Stabbing","floor":31,"turns":5},{"damage":8,"enemies":"Champ","floor":33,"turns":11},{"damage":1,"enemies":"3 Darklings","floor":35,"turns":2},{"damage":4,"enemies":"Orb Walker","floor":36,"turns":3},{"damage":1,"enemies":"Transient","floor":39,"turns":5},{"damage":9,"enemies":"Nemesis","floor":41,"turns":9},{"damage":6,"enemies":"Giant Head","floor":44,"turns":8},{"damage":3,"enemies":"Nemesis","floor":48,"turns":5},{"damage":11,"enemies":"Donu and Deca","floor":50,"turns":5}],"seed_played":"-1093991930375315505","potions_obtained":[{"floor":6,"key":"Dexterity Potion"},{"floor":12,"key":"Fire Potion"},{"floor":13,"key":"Fire Potion"},{"floor":14,"key":"Dexterity Potion"},{"floor":16,"key":"Regen Potion"},{"floor":23,"key":"LiquidMemories"},{"floor":27,"key":"Fruit Juice"},{"floor":31,"key":"Fire Potion"},{"floor":34,"key":"Ancient Potion"},{"floor":35,"key":"SkillPotion"}],"is_trial":false,"path_per_floor":["M","?","?","M","$","E","R","M","T","E","M","M","M","M","R","B",null,"M","?","?","M","?","M","R","$","T","E","R","M","M","E","R","B",null,"M","M","?","$","M","R","E","R","T","E","R","$","T","E","R","B",null],"character_chosen":"THE_SILENT","items_purchased":["Noxious Fumes","AttackPotion","Membership Card","Footwork","Paper Crane","Gremlin Horn","Torii","BlessingOfTheForge","Weak Potion"],"campfire_rested":0,"item_purchase_floors":[5,5,25,25,25,38,46,46,46],"current_hp_per_floor":[59,24,24,24,24,24,24,24,24,20,8,8,8,7,7,3,50,36,36,36,19,19,19,19,19,19,19,19,19,19,17,17,9,62,61,57,57,57,56,56,47,47,47,41,41,41,41,38,38,27],"gold":53,"neow_bonus":"THREE_ENEMY_KILL","is_prod":false,"is_daily":false,"chose_seed":false,"campfire_upgraded":6,"win_rate":0,"timestamp":1664083321,"path_taken":["M","?","?","M","$","E","R","M","T","E","M","M","?","M","R","BOSS","M","?","?","M","?","M","R","$","T","E","R","M","M","E","R","BOSS","M","M","?","$","M","R","E","R","T","E","R","$","?","E","R","BOSS"],"build_version":"2022-03-07","purchased_purges":2,"victory":true,"max_hp_per_floor":[66,66,66,66,66,66,66,66,66,66,66,66,66,66,66,66,66,66,66,66,66,66,66,66,66,66,66,66,66,66,66,66,66,76,76,76,76,76,76,76,76,76,76,76,76,76,76,76,76,76],"relic_stats":{"Girya":3,"Gremlin Horn":[0,0],"Torii":5,"counters":[25,115],"Blue Candle":[3],"StoneCalendar":[0],"Omamori":1,"MawBank":180,"Cursed Key":2,"Lizard Tail":0,"Centennial Puzzle":[24],"Tough Bandages":[12],"Prayer Wheel":12,"MealTicket":0,"Membership Card":576,"Kunai":[50],"obtain_stats":[{"Girya":6,"Tiny House":34,"NeowsBlessing":0,"Gremlin Horn":38,"Torii":46,"Blue Candle":37,"StoneCalendar":44,"Omamori":43,"Paper Crane":25,"MawBank":10,"Cursed Key":17,"Du-Vu Doll":41,"Lizard Tail":2,"Centennial Puzzle":31,"Tough Bandages":48,"Prayer Wheel":9,"MealTicket":47,"Membership Card":25,"Kunai":27,"Ring of the Snake":0},{"Girya":3,"Tiny House":18,"NeowsBlessing":0,"Gremlin Horn":20,"Torii":23,"Blue Candle":20,"StoneCalendar":23,"Omamori":22,"Paper Crane":13,"MawBank":5,"Cursed Key":10,"Du-Vu Doll":22,"Lizard Tail":1,"Centennial Puzzle":17,"Tough Bandages":24,"Prayer Wheel":4,"MealTicket":23,"Membership Card":13,"Kunai":14,"Ring of the Snake":0},{"Girya":3,"Tiny House":78,"NeowsBlessing":0,"Gremlin Horn":83,"Torii":105,"Blue Candle":83,"StoneCalendar":105,"Omamori":97,"Paper Crane":50,"MawBank":14,"Cursed Key":39,"Du-Vu Doll":97,"Lizard Tail":1,"Centennial Puzzle":67,"Tough Bandages":110,"Prayer Wheel":7,"MealTicket":105,"Membership Card":50,"Kunai":55,"Ring of the Snake":0}],"Ring of the Snake":[50]},"card_choices":[{"not_picked":["PiercingWail","Quick Slash"],"picked":"Sucker Punch","floor":1},{"not_picked":["PiercingWail","Backflip"],"picked":"Slice","floor":4},{"not_picked":["Riddle With Holes","Backflip"],"picked":"Caltrops","floor":6},{"not_picked":["Terror","Bane"],"picked":"Dagger Spray","floor":8},{"not_picked":["Endless Agony","Outmaneuver"],"picked":"Dagger Throw","floor":10},{"not_picked":["Dodge and Roll","Distraction"],"picked":"Accuracy","floor":11},{"not_picked":["Slice","Die Die Die"],"picked":"Cloak And Dagger","floor":11},{"not_picked":["Distraction","Concentrate"],"picked":"Escape Plan","floor":12},{"not_picked":["Cloak And Dagger","Sucker Punch"],"picked":"Dodge and Roll","floor":12},{"not_picked":["Tactician","Dagger Spray"],"picked":"Infinite Blades","floor":13},{"not_picked":["Dagger Throw","Underhanded Strike","Prepared"],"picked":"SKIP","floor":13},{"not_picked":["Accuracy","PiercingWail"],"picked":"Blur","floor":14},{"not_picked":["Outmaneuver","Endless Agony","Reflex"],"picked":"SKIP","floor":14},{"not_picked":["A Thousand Cuts","Venomology"],"picked":"Corpse Explosion","floor":16},{"not_picked":["Accuracy","Deadly Poison"],"picked":"Backflip","floor":18},{"not_picked":["Cloak And Dagger","Dagger Spray","Dodge and Roll"],"picked":"SKIP","floor":18},{"not_picked":["Cloak And Dagger","Dagger Spray","Dodge and Roll"],"picked":"SKIP","floor":18},{"not_picked":["Prepared","Bane"],"picked":"Backstab","floor":21},{"not_picked":["Heel Hook","Quick Slash"],"picked":"Deflect","floor":21},{"not_picked":["Outmaneuver+1","Bane+1"],"picked":"Adrenaline","floor":23},{"not_picked":["Dodge and Roll","Escape Plan","Setup"],"picked":"SKIP","floor":23},{"not_picked":["Footwork","Slice"],"picked":"Blur","floor":27},{"not_picked":["Quick Slash","Dagger Spray"],"picked":"Backstab","floor":29},{"not_picked":["Reflex","Underhanded Strike","Bouncing Flask+1"],"picked":"SKIP","floor":29},{"not_picked":["Prepared","Backflip"],"picked":"Well Laid Plans","floor":30},{"not_picked":["Backstab","Blur","Underhanded Strike"],"picked":"SKIP","floor":30},{"not_picked":["Acrobatics","Bane","Blur"],"picked":"SKIP","floor":31},{"not_picked":["Wraith Form v2","Doppelganger"],"picked":"Die Die Die","floor":33},{"not_picked":["Outmaneuver","Deflect"],"picked":"Backflip","floor":34},{"not_picked":["Catalyst","All Out Attack"],"picked":"Dodge and Roll","floor":35},{"not_picked":["Slice","Flying Knee","Prepared"],"picked":"SKIP","floor":35},{"not_picked":["Choke","Slice"],"picked":"Flechettes","floor":36},{"not_picked":["Bane","Slice"],"picked":"Calculated Gamble","floor":36},{"not_picked":["Dagger Spray","Blade Dance"],"picked":"After Image","floor":39},{"not_picked":["Eviscerate","Predator+1","Flechettes"],"picked":"SKIP","floor":39},{"not_picked":["PiercingWail","Accuracy"],"picked":"Glass Knife","floor":41},{"not_picked":["Dodge and Roll","Dagger Throw"],"picked":"PiercingWail","floor":44},{"not_picked":["Prepared+1","Flying Knee"],"picked":"Leg Sweep","floor":48}],"player_experience":5278973,"relics_obtained":[{"floor":6,"key":"Girya"},{"floor":9,"key":"Prayer Wheel"},{"floor":10,"key":"MawBank"},{"floor":27,"key":"Kunai"},{"floor":31,"key":"Centennial Puzzle"},{"floor":41,"key":"Du-Vu Doll"},{"floor":43,"key":"Omamori"},{"floor":44,"key":"StoneCalendar"},{"floor":47,"key":"MealTicket"},{"floor":48,"key":"Tough Bandages"}],"event_choices":[{"damage_healed":0,"gold_gain":0,"player_choice":"Success","damage_taken":35,"relics_obtained":["Lizard Tail"],"max_hp_gain":0,"max_hp_loss":0,"event_name":"Scrap Ooze","floor":2,"gold_loss":0},{"damage_healed":0,"gold_gain":0,"player_choice":"Ignored","damage_taken":0,"max_hp_gain":0,"max_hp_loss":0,"event_name":"Golden Wing","floor":3,"gold_loss":0},{"damage_healed":0,"gold_gain":0,"cards_transformed":["Strike_G","Strike_G"],"player_choice":"Became Test Subject","damage_taken":0,"max_hp_gain":0,"max_hp_loss":0,"event_name":"Drug Dealer","floor":19,"gold_loss":0,"cards_obtained":["Finisher","Poisoned Stab"]},{"damage_healed":0,"gold_gain":0,"player_choice":"Simplicity","damage_taken":0,"max_hp_gain":0,"max_hp_loss":0,"event_name":"Back to Basics","floor":20,"gold_loss":0,"cards_upgraded":["Strike_G","Strike_G","Strike_G","Defend_G","Defend_G","Defend_G","Defend_G","Defend_G"]},{"damage_healed":0,"gold_gain":0,"player_choice":"Read","damage_taken":0,"max_hp_gain":0,"max_hp_loss":0,"event_name":"The Library","floor":22,"gold_loss":0,"cards_obtained":["Adrenaline"]},{"damage_healed":0,"gold_gain":0,"player_choice":"Paid Gold","damage_taken":0,"relics_obtained":["Blue Candle"],"max_hp_gain":0,"max_hp_loss":0,"event_name":"WeMeetAgain","floor":37,"gold_loss":54}],"is_beta":false,"boss_relics":[{"not_picked":["Ectoplasm","Philosopher\u0027s Stone"],"picked":"Cursed Key"},{"not_picked":["Ring of the Serpent","Coffee Dripper"],"picked":"Tiny House"}],"items_purged_floors":[25,46],"is_endless":false,"potions_floor_spawned":[6,12,13,14,16,23,27,31,35],"ascension_level":15}