{"gold_per_floor":[115,131,150,164,153,182,182,182,206,206,234,234,234,269,269,341,341,353,126,142,192,40,40,68,68,143,161,189,189,223,236,236,313,313,326,346,346,362,166,166,15,15,15,49,60,92,92,120,120,120],"floor_reached":51,"playtime":2144,"items_purged":["Strike_G","Strike_G"],"score":1601,"play_id":"a714384d-7ee7-4950-b709-65303680a2ac","local_time":"20230407212533","is_ascension_mode":true,"campfire_choices":[{"floor":8.0,"key":"REST"},{"data":"Venomology","floor":10.0,"key":"SMITH"},{"floor":13.0,"key":"REST"},{"data":"Blade Dance","floor":15.0,"key":"SMITH"},{"data":"Neutralize","floor":23.0,"key":"SMITH"},{"data":"Cloak And Dagger","floor":29.0,"key":"SMITH"},{"data":"Footwork","floor":32.0,"key":"SMITH"},{"data":"A Thousand Cuts","floor":40.0,"key":"SMITH"},{"floor":47.0,"key":"DIG"},{"floor":49.0,"key":"DIG"}],"neow_cost":"NONE","seed_source_timestamp":11481454353600,"circlet_count":0,"master_deck":["AscendersBane","Defend_G","Defend_G","Defend_G","Defend_G","Defend_G","Survivor","Neutralize+1","Slice","Blade Dance+1","Venomology+1","Infinite Blades","Footwork+1","Burst","Predator","After Image","Acrobatics","Terror","Cloak And Dagger+1","A Thousand Cuts+1","Escape Plan+1","Backflip+1","PiercingWail","A Thousand Cuts+1"],"special_seed":0,"relics":["Ring of the Snake","NeowsBlessing","Mercury Hourglass","Toy Ornithopter","Snake Skull","Bronze Scales","Orichalcum","Coffee Dripper","Anchor","Sling","Omamori","Eternal Feather","Akabeko","Letter Opener","Empty Cage","Potion Belt","Pantograph","Frozen Egg 2","Shovel","Ginger","Happy Flower","Juzu Bracelet","Boot"],"potions_floor_usage":[50,50,50,50,50,50],"damage_taken":[{"damage":0.0,"enemies":"Cultist","floor":1.0,"turns":1.0},{"damage":0.0,"enemies":"2 Louse","floor":2.0,"turns":1.0},{"damage":0.0,"enemies":"Small Slimes","floor":3.0,"turns":1.0},{"damage":1.0,"enemies":"3 Louse","floor":4.0,"turns":5.0},{"damage":18.0,"enemies":"Exordium Thugs","floor":5.0,"turns":4.0},{"damage":18.0,"enemies":"Gremlin Nob","floor":6.0,"turns":4.0},{"damage":11.0,"enemies":"Lagavulin","floor":11.0,"turns":7.0},{"damage":35.0,"enemies":"Gremlin Nob","floor":14.0,"turns":4.0},{"damage":9.0,"enemies":"Hexaghost","floor":16.0,"turns":9.0},{"damage":0.0,"enemies":"3 Byrds","floor":18.0,"turns":3.0},{"damage":0.0,"enemies":"Chosen","floor":20.0,"turns":4.0},{"damage":0.0,"enemies":"Gremlin Leader","floor":24.0,"turns":6.0},{"damage":6.0,"enemies":"3 Cultists","floor":27.0,"turns":5.0},{"damage":0.0,"enemies":"Book of Stabbing","floor":28.0,"turns":3.0},{"damage":0.0,"enemies":"Slavers","floor":30.0,"turns":4.0},{"damage":11.0,"enemies":"Snecko","floor":31.0,"turns":4.0},{"damage":17.0,"enemies":"Collector","floor":33.0,"turns":11.0},{"damage":0.0,"enemies":"3 Shapes","floor":35.0,"turns":5.0},{"damage":0.0,"enemies":"Orb Walker","floor":36.0,"turns":3.0},{"damage":17.0,"enemies":"Spire Growth","floor":38.0,"turns":5.0},{"damage":0.0,"enemies":"Giant Head","floor":44.0,"turns":6.0},{"damage":0.0,"enemies":"4 Shapes","floor":45.0,"turns":4.0},{"damage":18.0,"enemies":"Nemesis","floor":46.0,"turns":5.0},{"damage":0.0,"enemies":"Giant Head","floor":48.0,"turns":6.0},{"damage":29,"enemies":"Time Eater","floor":50,"turns":13}],"seed_played":"-2811330577184094718","potions_obtained":[{"floor":2.0,"key":"LiquidMemories"},{"floor":11.0,"key":"DuplicationPotion"},{"floor":30.0,"key":"BlessingOfTheForge"},{"floor":36.0,"key":"Fire Potion"},{"floor":48.0,"key":"Regen Potion"}],"is_trial":false,"path_per_floor":["M","M","M","M","M","E","?","R","T","R","E","?","R","E","R","B",null,"M","$","M","?","$","R","E","$","T","M","E","R","E","M","R","B",null,"M","M","?","M","$","R","$","?","T","E","M","E","R","E","R","B",null],"character_chosen":"THE_SILENT","basemod:card_modifiers":[null,null,null,null,null,null,null,null,null,null,null,null,null,null,null,null,null,null,null,null,null,null,null,null],"items_purchased":["Anchor","Sling","Potion Belt","Dexterity Potion","PowerPotion"],"campfire_rested":2,"item_purchase_floors":[19,22,39,39,41],"current_hp_per_floor":[59,59,59,58,40,22,22,41,41,41,35,24,43,23,23,19,54,54,54,59,59,59,59,66,66,66,60,66,66,66,55,66,57,64,64,66,66,49,49,61,61,61,61,61,61,48,60,65,66,63],"gold":120,"neow_bonus":"THREE_ENEMY_KILL","is_prod":false,"is_daily":false,"chose_seed":false,"campfire_upgraded":6,"win_rate":0,"timestamp":1680927933,"path_taken":["M","M","?","M","M","E","?","R","T","R","E","?","R","E","R","BOSS","M","$","M","?","?","R","E","$","T","M","E","R","E","M","R","BOSS","M","?","?","M","$","R","$","?","T","E","M","E","R","E","R","BOSS"],"build_version":"2022-12-18","purchased_purges":2,"victory":true,"max_hp_per_floor":[66,66,66,66,66,66,66,66,66,66,66,66,66,66,66,66,66,66,66,66,66,66,66,66,66,66,66,66,66,66,66,66,66,66,66,66,66,66,66,66,66,66,66,66,66,66,66,66,66,66],"relic_stats":{"Happy Flower":[6],"counters":[25,122],"Eternal Feather":36,"Snake Skull":[0],"Omamori":0,"Juzu Bracelet":0,"Letter Opener":[211],"Ginger":[3],"Orichalcum":[48],"Boot":[13],"Mercury Hourglass":[408],"Shovel":2,"Bronze Scales":[318],"Pantograph":0,"obtain_stats":[{"Potion Belt":39,"NeowsBlessing":0,"Happy Flower":47,"Eternal Feather":26,"Snake Skull":11,"Omamori":24,"Juzu Bracelet":48,"Letter Opener":30,"Ginger":46,"Orichalcum":14,"Frozen Egg 2":43,"Sling":22,"Empty Cage":34,"Boot":49,"Akabeko":28,"Mercury Hourglass":6,"Anchor":19,"Shovel":44,"Bronze Scales":12,"Pantograph":42,"Coffee Dripper":17,"Toy Ornithopter":9,"Ring of the Snake":0},{"Potion Belt":20,"NeowsBlessing":0,"Happy Flower":23,"Eternal Feather":12,"Snake Skull":7,"Omamori":12,"Juzu Bracelet":24,"Letter Opener":15,"Ginger":23,"Orichalcum":8,"Frozen Egg 2":20,"Sling":11,"Empty Cage":17,"Boot":24,"Akabeko":14,"Mercury Hourglass":6,"Anchor":10,"Shovel":21,"Bronze Scales":7,"Pantograph":20,"Coffee Dripper":9,"Toy Ornithopter":6,"Ring of the Snake":0},{"Potion Belt":88,"NeowsBlessing":0,"Happy Flower":103,"Eternal Feather":48,"Snake Skull":23,"Omamori":48,"Juzu Bracelet":109,"Letter Opener":60,"Ginger":103,"Orichalcum":27,"Frozen Egg 2":88,"Sling":42,"Empty Cage":75,"Boot":109,"Akabeko":56,"Mercury Hourglass":16,"Anchor":38,"Shovel":94,"Bronze Scales":23,"Pantograph":88,"Coffee Dripper":36,"Toy Ornithopter":16,"Ring of the Snake":0}],"Toy Ornithopter":76,"Ring of the Snake":[50]},"card_choices":[{"not_picked":["Quick Slash","Cloak And Dagger"],"picked":"Slice","floor":1.0},{"not_picked":["Backflip","Dodge and Roll"],"picked":"Blade Dance","floor":2.0},{"not_picked":["Acrobatics","Heel Hook"],"picked":"Venomology","floor":3.0},{"not_picked":["Prepared","Deadly Poison","Distraction"],"picked":"SKIP","floor":4.0},{"not_picked":["Eviscerate","Backflip"],"picked":"Infinite Blades","floor":5.0},{"not_picked":["Finisher","Sucker Punch"],"picked":"Footwork","floor":6.0},{"not_picked":["Acrobatics","Deadly Poison"],"picked":"Burst","floor":11.0},{"not_picked":["Deadly Poison","Calculated Gamble"],"picked":"Predator","floor":14.0},{"not_picked":["Venomology","Phantasmal Killer"],"picked":"After Image","floor":16.0},{"not_picked":["Backflip","Sucker Punch"],"picked":"Acrobatics","floor":18.0},{"not_picked":["Dagger Throw","Acrobatics","Masterful Stab"],"picked":"SKIP","floor":20.0},{"not_picked":["Backstab","Escape Plan"],"picked":"Terror","floor":24.0},{"not_picked":["Slice","Wraith Form v2","Outmaneuver"],"picked":"SKIP","floor":27.0},{"not_picked":["Catalyst","Crippling Poison"],"picked":"Cloak And Dagger","floor":28.0},{"not_picked":["Eviscerate","Predator","Slice"],"picked":"SKIP","floor":30.0},{"not_picked":["Deflect","Slice","Acrobatics"],"picked":"SKIP","floor":31.0},{"not_picked":["Burst","Corpse Explosion"],"picked":"A Thousand Cuts","floor":33.0},{"not_picked":["Terror","Cloak And Dagger"],"picked":"Escape Plan+1","floor":35.0},{"not_picked":["Dagger Spray","Dagger Throw"],"picked":"Backflip+1","floor":36.0},{"not_picked":["Sucker Punch","Reflex+1"],"picked":"PiercingWail","floor":38.0},{"not_picked":["Dagger Spray+1","Backflip","Dagger Throw"],"picked":"SKIP","floor":44.0},{"not_picked":["Sucker Punch","Catalyst","Cloak And Dagger"],"picked":"SKIP","floor":45.0},{"not_picked":["Concentrate","Riddle With Holes","Deflect+1"],"picked":"SKIP","floor":46.0},{"not_picked":["Escape Plan","Crippling Poison"],"picked":"A Thousand Cuts+1","floor":48.0}],"player_experience":5546807,"relics_obtained":[{"floor":6.0,"key":"Mercury Hourglass"},{"floor":9.0,"key":"Toy Ornithopter"},{"floor":11.0,"key":"Snake Skull"},{"floor":14.0,"key":"Orichalcum"},{"floor":24.0,"key":"Omamori"},{"floor":26.0,"key":"Eternal Feather"},{"floor":28.0,"key":"Akabeko"},{"floor":30.0,"key":"Letter Opener"},{"floor":43.0,"key":"Frozen Egg 2"},{"floor":44.0,"key":"Shovel"},{"floor":46.0,"key":"Ginger"},{"floor":47.0,"key":"Happy Flower"},{"floor":48.0,"key":"Juzu Bracelet"},{"floor":49.0,"key":"Boot"}],"event_choices":[{"damage_healed":0.0,"max_hp_gain":0.0,"max_hp_loss":0.0,"gold_gain":0.0,"event_name":"Golden Wing","player_choice":"Ignored","floor":7.0,"gold_loss":0.0,"damage_taken":0.0},{"damage_healed":0.0,"max_hp_gain":0.0,"max_hp_loss":0.0,"gold_gain":0.0,"event_name":"Scrap Ooze","player_choice":"Success","floor":12.0,"gold_loss":0.0,"damage_taken":11.0,"relics_obtained":["Bronze Scales"]},{"damage_healed":0.0,"max_hp_gain":0.0,"max_hp_loss":0.0,"gold_gain":100.0,"event_name":"The Joust","player_choice":"Bet on Murderer","floor":21.0,"gold_loss":50.0,"damage_taken":0.0},{"cards_removed":["Strike_G"],"damage_healed":0.0,"max_hp_gain":0.0,"max_hp_loss":0.0,"gold_gain":0.0,"event_name":"Falling","player_choice":"Removed Attack","floor":37.0,"gold_loss":0.0,"damage_taken":0.0},{"damage_healed":0.0,"max_hp_gain":0.0,"max_hp_loss":0.0,"gold_gain":0.0,"event_name":"WeMeetAgain","player_choice":"Gave Potion","floor":42.0,"gold_loss":0.0,"damage_taken":0.0,"relics_obtained":["Pantograph"]}],"is_beta":false,"boss_relics":[{"not_picked":["HoveringKite","Velvet Choker"],"picked":"Coffee Dripper"},{"not_picked":["Cursed Key","SlaversCollar"],"picked":"Empty Cage"}],"items_purged_floors":[19,41],"is_endless":false,"potions_floor_spawned":[2,5,11,24,27,30,31,36,45,48],"ascension_level":15}