{"gold_per_floor":[210,223,239,239,204,204,232,245,245,94,94,94,15,32,32,103,103,115,40,40,40,40,40,54,71,71,91,116,116,144,144,144,217,217,237,1236,1236,708,724,752,198,217,217,217,228,243,270,289,289,289],"floor_reached":51,"playtime":2439,"items_purged":["Strike_G","Normality","Normality"],"score":1364,"play_id":"914124d0-01ef-4d4c-9f72-495e0b572748","local_time":"20230409162545","is_ascension_mode":true,"campfire_choices":[{"data":"Neutralize","floor":6.0,"key":"SMITH"},{"data":"Footwork","floor":11.0,"key":"SMITH"},{"data":"Glass Knife","floor":15.0,"key":"SMITH"},{"data":"Venomology","floor":23.0,"key":"SMITH"},{"data":"Accuracy","floor":29.0,"key":"SMITH"},{"floor":32.0,"key":"REST"},{"floor":44,"key":"REST"},{"floor":49,"key":"REST"}],"neow_cost":"NONE","seed_source_timestamp":0,"circlet_count":0,"master_deck":["AscendersBane","Defend_G","Defend_G","Defend_G","Defend_G","Defend_G","Survivor","Neutralize+1","Finisher","Accuracy+1","Flying Knee","Dash","Slice","Footwork+1","Glass Knife+1","Sucker Punch","Venomology+1","Blade Dance","Blade Dance","Blade Dance","Backflip","Blur","Leg Sweep","Blur+1","PiercingWail+1","Burst+1","Concentrate+1","Masterful Stab+1","Dodge and Roll+1","Well Laid Plans+1","Decay","Trip+1","Accuracy","PiercingWail+1","Acrobatics+1","Prepared+1","Expertise+1","Deflect+1","Cloak And Dagger+1","Adrenaline+1","Acrobatics+1"],"special_seed":0,"relics":["Ring of the Snake","Paper Crane","Sundial","White Beast Statue","Cursed Key","MutagenicStrength","Toxic Egg 2","Pear","Astrolabe","Lantern","Sling","Blue Candle","ClockworkSouvenir","Omamori","Oddly Smooth Stone","Du-Vu Doll"],"potions_floor_usage":[35,35,39,40,40,42,42,45,45,46,47,48,50,50],"damage_taken":[{"damage":3.0,"enemies":"2 Louse","floor":1.0,"turns":4.0},{"damage":3.0,"enemies":"Jaw Worm","floor":2.0,"turns":4.0},{"damage":8.0,"enemies":"Small Slimes","floor":3.0,"turns":5.0},{"damage":17.0,"enemies":"Lagavulin","floor":7.0,"turns":8.0},{"damage":2.0,"enemies":"Looter","floor":8.0,"turns":5.0},{"damage":11.0,"enemies":"Large Slime","floor":14.0,"turns":5.0},{"damage":3.0,"enemies":"Slime Boss","floor":16.0,"turns":9.0},{"damage":3.0,"enemies":"3 Byrds","floor":18.0,"turns":6.0},{"damage":1.0,"enemies":"2 Thieves","floor":24.0,"turns":3.0},{"damage":0.0,"enemies":"3 Cultists","floor":25.0,"turns":3.0},{"damage":3.0,"enemies":"Snake Plant","floor":27.0,"turns":4.0},{"damage":18.0,"enemies":"Gremlin Leader","floor":28.0,"turns":6.0},{"damage":12.0,"enemies":"Slavers","floor":30.0,"turns":5.0},{"damage":0.0,"enemies":"Cultist and Chosen","floor":31.0,"turns":6.0},{"damage":24.0,"enemies":"Collector","floor":33.0,"turns":14.0},{"damage":0,"enemies":"Orb Walker","floor":35,"turns":2},{"damage":0,"enemies":"3 Shapes","floor":39,"turns":4},{"damage":27,"enemies":"Nemesis","floor":40,"turns":5},{"damage":7,"enemies":"Writhing Mass","floor":42,"turns":9},{"damage":1,"enemies":"Maw","floor":45,"turns":7},{"damage":0,"enemies":"4 Shapes","floor":46,"turns":4},{"damage":1,"enemies":"Giant Head","floor":47,"turns":5},{"damage":2,"enemies":"Spire Growth","floor":48,"turns":4},{"damage":18,"enemies":"Awakened One","floor":50,"turns":8}],"seed_played":"1403652096768986733","potions_obtained":[{"floor":1.0,"key":"PowerPotion"},{"floor":8.0,"key":"Dexterity Potion"},{"floor":14.0,"key":"DuplicationPotion"},{"floor":16.0,"key":"FearPotion"},{"floor":24.0,"key":"Block Potion"},{"floor":30.0,"key":"SmokeBomb"},{"floor":33.0,"key":"Swift Potion"},{"floor":39,"key":"CunningPotion"},{"floor":40,"key":"CultistPotion"},{"floor":42,"key":"SpeedPotion"},{"floor":45,"key":"Explosive Potion"},{"floor":46,"key":"Fruit Juice"}],"is_trial":false,"path_per_floor":["M","M","M","?","?","R","E","M","T","$","R","$","$","M","R","B",null,"M","?","?","?","?","R","M","M","T","M","E","R","E","M","R","B",null,"M","?","?","$","M","E","$","M","T","R","M","M","E","M","R","B",null],"character_chosen":"THE_SILENT","basemod:card_modifiers":[null,null,null,null,null,null,null,null,null,null,null,null,null,null,null,null,null,null,null,null,null,null,null,null,null,null,null,null,null,null,null,null,null,null,null,null,null,null,null,null,null],"items_purchased":["Footwork","Glass Knife","Lantern","Sling","Trip+1","Accuracy","ClockworkSouvenir","Omamori","Prepared+1","Expertise+1"],"campfire_rested":3,"item_purchase_floors":[10,13,38,38,38,38,41,41,41,41],"current_hp_per_floor":[56,53,45,40,56,56,39,37,37,37,37,37,37,26,26,23,55,52,52,52,52,52,52,51,51,51,48,30,30,28,28,50,26,64,64,64,64,64,64,37,37,30,30,52,51,51,55,53,77,59],"gold":289,"neow_bonus":"HUNDRED_GOLD","is_prod":false,"is_daily":false,"chose_seed":false,"campfire_upgraded":5,"win_rate":0,"timestamp":1681082745,"path_taken":["M","M","M","?","?","R","E","M","T","$","R","?","$","M","R","BOSS","M","?","?","?","?","R","?","M","T","M","E","R","E","M","R","BOSS","M","?","?","$","M","E","$","M","T","R","?","M","E","M","R","BOSS"],"build_version":"2022-12-18","purchased_purges":3,"victory":true,"max_hp_per_floor":[66,66,66,66,66,66,66,66,66,66,66,66,66,66,66,66,66,66,66,66,66,66,66,66,66,66,66,66,66,76,76,76,76,76,76,76,76,76,76,76,76,76,76,76,76,76,81,81,81,81],"relic_stats":{"counters":[24,135],"Sundial":[8],"Astrolabe":["Concentrate","Masterful Stab","Dodge and Roll"],"Blue Candle":[2],"Omamori":1,"Cursed Key":1,"obtain_stats":[{"Lantern":38,"Pear":30,"Astrolabe":34,"Blue Candle":40,"Oddly Smooth Stone":43,"Omamori":41,"Paper Crane":4,"Cursed Key":17,"Sling":38,"White Beast Statue":9,"ClockworkSouvenir":41,"Du-Vu Doll":47,"Sundial":7,"MutagenicStrength":21,"Toxic Egg 2":28,"Ring of the Snake":0},{"Lantern":16,"Pear":13,"Astrolabe":15,"Blue Candle":18,"Oddly Smooth Stone":19,"Omamori":18,"Paper Crane":3,"Cursed Key":7,"Sling":16,"White Beast Statue":5,"ClockworkSouvenir":18,"Du-Vu Doll":22,"Sundial":4,"MutagenicStrength":8,"Toxic Egg 2":12,"Ring of the Snake":0},{"Lantern":89,"Pear":67,"Astrolabe":87,"Blue Candle":98,"Oddly Smooth Stone":107,"Omamori":98,"Paper Crane":13,"Cursed Key":40,"Sling":89,"White Beast Statue":26,"ClockworkSouvenir":98,"Du-Vu Doll":123,"Sundial":21,"MutagenicStrength":46,"Toxic Egg 2":62,"Ring of the Snake":0}],"White Beast Statue":[0.0024998400000000014,0.0,0.10427520000000007,0.0,0.43920256000000024,0.0,0.38386560000000025,0.0,0.06894720000000004,0.0,0.0012096000000000008,8.167772160000002],"Ring of the Snake":[48]},"card_choices":[{"not_picked":["Concentrate","Deadly Poison"],"picked":"Finisher","floor":1.0},{"not_picked":["Dagger Spray","Slice"],"picked":"Accuracy","floor":2.0},{"not_picked":["Deflect","Deadly Poison"],"picked":"Flying Knee","floor":3.0},{"not_picked":["Bane","Terror"],"picked":"Dash","floor":7.0},{"not_picked":["Sucker Punch","PiercingWail"],"picked":"Slice","floor":8.0},{"not_picked":["Backflip","Blur"],"picked":"Sucker Punch","floor":14.0},{"not_picked":["Bullet Time","Doppelganger"],"picked":"Venomology","floor":16.0},{"not_picked":["Poisoned Stab","Riddle With Holes"],"picked":"Blade Dance","floor":18.0},{"not_picked":["Cloak And Dagger","Finisher"],"picked":"Backflip","floor":24.0},{"not_picked":["Deflect","Riddle With Holes"],"picked":"Blur","floor":25.0},{"not_picked":["Bane","Dagger Spray"],"picked":"Leg Sweep","floor":27.0},{"not_picked":["Corpse Explosion+1","Predator"],"picked":"Blur+1","floor":28.0},{"not_picked":["Slice","Reflex+1"],"picked":"PiercingWail+1","floor":30.0},{"not_picked":["Grand Finale","Phantasmal Killer+1"],"picked":"Burst+1","floor":33.0},{"not_picked":["Deflect+1","Leg Sweep+1"],"picked":"Well Laid Plans+1","floor":35},{"not_picked":["Sucker Punch","All Out Attack+1"],"picked":"PiercingWail+1","floor":39},{"not_picked":["Backstab+1","Caltrops+1"],"picked":"Acrobatics+1","floor":40},{"not_picked":["Setup+1","Poisoned Stab"],"picked":"Deflect+1","floor":42},{"not_picked":["Flying Knee","Dagger Throw"],"picked":"Cloak And Dagger+1","floor":45},{"not_picked":["Bane","Slice+1","Concentrate+1"],"picked":"SKIP","floor":46},{"not_picked":["Bane+1","Cloak And Dagger+1"],"picked":"Adrenaline+1","floor":47},{"not_picked":["Prepared+1","Masterful Stab"],"picked":"Acrobatics+1","floor":48}],"player_experience":5551586,"relics_obtained":[{"floor":7.0,"key":"Sundial"},{"floor":9.0,"key":"White Beast Statue"},{"floor":28.0,"key":"Toxic Egg 2"},{"floor":30.0,"key":"Pear"},{"floor":40,"key":"Blue Candle"},{"floor":43,"key":"Oddly Smooth Stone"},{"floor":47,"key":"Du-Vu Doll"}],"event_choices":[{"damage_healed":0.0,"max_hp_gain":0.0,"max_hp_loss":0.0,"gold_gain":0.0,"event_name":"Scrap Ooze","player_choice":"Success","floor":4.0,"gold_loss":0.0,"damage_taken":5.0,"relics_obtained":["Paper Crane"]},{"damage_healed":16.0,"max_hp_gain":0.0,"max_hp_loss":0.0,"gold_gain":0.0,"event_name":"The Cleric","player_choice":"Healed","floor":5.0,"gold_loss":35.0,"damage_taken":0.0},{"cards_removed":["Strike_G"],"damage_healed":0.0,"max_hp_gain":0.0,"max_hp_loss":0.0,"gold_gain":0.0,"event_name":"Beggar","player_choice":"Gave Gold","floor":19.0,"gold_loss":75.0,"damage_taken":0.0},{"damage_healed":0.0,"max_hp_gain":0.0,"max_hp_loss":0.0,"gold_gain":0.0,"event_name":"The Library","player_choice":"Read","floor":20.0,"gold_loss":0.0,"damage_taken":0.0,"cards_obtained":["Blade Dance"]},{"damage_healed":0.0,"max_hp_gain":0.0,"max_hp_loss":0.0,"gold_gain":0.0,"event_name":"Drug Dealer","player_choice":"Inject Mutagens","floor":21.0,"gold_loss":0.0,"damage_taken":0.0,"relics_obtained":["MutagenicStrength"]},{"damage_healed":0.0,"max_hp_gain":0.0,"max_hp_loss":0.0,"gold_gain":0.0,"event_name":"Duplicator","player_choice":"Copied","floor":22.0,"gold_loss":0.0,"damage_taken":0.0,"cards_obtained":["Blade Dance"]},{"damage_healed":0,"gold_gain":999,"player_choice":"Gold","damage_taken":0,"max_hp_gain":0,"max_hp_loss":0,"event_name":"MindBloom","floor":36,"gold_loss":0,"cards_obtained":["Normality","Normality"]},{"damage_healed":0,"gold_gain":0,"player_choice":"Cursed","damage_taken":0,"max_hp_gain":0,"max_hp_loss":0,"event_name":"Wheel of Change","floor":37,"gold_loss":0,"cards_obtained":["Decay"]}],"is_beta":false,"boss_relics":[{"not_picked":["Black Star","Fusion Hammer"],"picked":"Cursed Key"},{"not_picked":["Sozu","HoveringKite"],"picked":"Astrolabe"}],"items_purged_floors":[10,38,41],"is_endless":false,"potions_floor_spawned":[1,8,14,16,18,24,25,27,28,30,31,33,35,39,40,42,45,46,47,48],"ascension_level":15}