{"gold_per_floor":[116,116,133,133,133,152,186,205,205,3,33,66,66,79,79,153,153,163,181,30,30,30,61,61,94,94,121,138,38,38,72,72,150,150,169,444,459,5,19,19,53,64,64,97,107,156,156,190,190,190],"floor_reached":51,"playtime":2276,"items_purged":["Strike_G","Strike_G+1","Regret"],"score":1868,"play_id":"3800c9d4-2b70-499e-8543-3ba9bcfaf9b6","local_time":"20230422194216","is_ascension_mode":true,"campfire_choices":[{"data":"Terror","floor":13,"key":"SMITH"},{"data":"Phantasmal Killer","floor":15,"key":"SMITH"},{"data":"Venomology","floor":24,"key":"SMITH"},{"data":"Accuracy","floor":30,"key":"SMITH"},{"data":"Footwork","floor":32,"key":"SMITH"},{"data":"A Thousand Cuts","floor":40,"key":"SMITH"},{"data":"Malaise","floor":49,"key":"SMITH"}],"neow_cost":"NONE","seed_source_timestamp":360451822100,"circlet_count":0,"master_deck":["AscendersBane","Strike_G+1","Strike_G+1","Defend_G+1","Defend_G+1","Defend_G+1","Defend_G+1","Defend_G+1","Survivor","Neutralize+1","Quick Slash","Slice","Phantasmal Killer+1","Dagger Throw","Poisoned Stab","Blade Dance","Terror+1","Venomology+1","Prepared+1","Finisher","Underhanded Strike","Night Terror","Accuracy+1","Footwork+1","A Thousand Cuts+1","Adrenaline","Acrobatics","Acrobatics+1","Tactician+1","Blade Dance","Deflect","PiercingWail","Blade Dance","Blade Dance+1","Malaise+1"],"special_seed":0,"relics":["Ring of the Snake","Bottled Flame","Boot","Ninja Scroll","Sling","Odd Mushroom","Sundial","Runic Pyramid","The Specimen","Mercury Hourglass","Anchor","Nunchaku","PreservedInsect","HoveringKite","Vajra","Orrery","White Beast Statue","Calipers","Turnip","Torii","Mummified Hand"],"potions_floor_usage":[7,11,12,16,18,19,25,27,31,33,35,37,39,41,42,45,46,48,50,50],"damage_taken":[{"damage":0.0,"enemies":"2 Louse","floor":1.0,"turns":3.0},{"damage":7,"enemies":"Small Slimes","floor":3,"turns":4},{"damage":1,"enemies":"Jaw Worm","floor":6,"turns":4},{"damage":22,"enemies":"3 Sentries","floor":7,"turns":7},{"damage":0,"enemies":"Looter","floor":8,"turns":2},{"damage":5,"enemies":"The Mushroom Lair","floor":11,"turns":4},{"damage":0,"enemies":"Gremlin Nob","floor":12,"turns":2},{"damage":0,"enemies":"3 Louse","floor":14,"turns":2},{"damage":20,"enemies":"The Guardian","floor":16,"turns":10},{"damage":22,"enemies":"2 Thieves","floor":18,"turns":4},{"damage":0,"enemies":"Chosen","floor":19,"turns":3},{"damage":2,"enemies":"Book of Stabbing","floor":23,"turns":2},{"damage":0,"enemies":"Gremlin Leader","floor":25,"turns":3},{"damage":0,"enemies":"Book of Stabbing","floor":27,"turns":3},{"damage":0,"enemies":"Shelled Parasite and Fungi","floor":28,"turns":2},{"damage":0,"enemies":"Gremlin Leader","floor":31,"turns":3},{"damage":25,"enemies":"Collector","floor":33,"turns":10},{"damage":0,"enemies":"3 Shapes","floor":35,"turns":4},{"damage":0,"enemies":"Orb Walker","floor":37,"turns":2},{"damage":0,"enemies":"Writhing Mass","floor":39,"turns":5},{"damage":0,"enemies":"Giant Head","floor":41,"turns":4},{"damage":0,"enemies":"Maw","floor":42,"turns":4},{"damage":0,"enemies":"Nemesis","floor":44,"turns":1},{"damage":0,"enemies":"Spire Growth","floor":45,"turns":3},{"damage":4,"enemies":"2 Orb Walkers","floor":46,"turns":3},{"damage":0,"enemies":"Giant Head","floor":48,"turns":3},{"damage":0,"enemies":"Awakened One","floor":50,"turns":13}],"seed_played":"8525535948766764205","potions_obtained":[{"floor":0.0,"key":"Fire Potion"},{"floor":0.0,"key":"LiquidMemories"},{"floor":6,"key":"PowerPotion"},{"floor":11,"key":"Poison Potion"},{"floor":14,"key":"Ancient Potion"},{"floor":16,"key":"Regen Potion"},{"floor":19,"key":"Weak Potion"},{"floor":23,"key":"PowerPotion"},{"floor":31,"key":"Block Potion"},{"floor":39,"key":"SpeedPotion"},{"floor":44,"key":"Regen Potion"},{"floor":45,"key":"Poison Potion"}],"is_trial":false,"path_per_floor":["M","?","M","?","T","M","E","M","T","$","?","E","R","M","R","B",null,"M","M","$","?","?","E","R","E","T","E","M","$","R","E","R","B",null,"M","?","M","$","M","R","E","M","T","E","M","?","?","E","R","B",null],"character_chosen":"THE_SILENT","basemod:card_modifiers":[null,null,null,null,null,null,null,null,null,null,null,null,null,null,null,null,null,null,null,null,null,null,null,null,null,null,null,null,null,null,null,null,null,null,null],"items_purchased":["Sling","Strength Potion","Finisher","Vajra","Acrobatics","Orrery"],"campfire_rested":0,"item_purchase_floors":[10,10,20,38,38,38],"current_hp_per_floor":[59,59,52,52,52,51,29,29,29,29,24,24,24,24,24,4,51,41,41,41,41,41,39,39,39,39,39,39,39,39,39,39,14,53,53,53,53,53,53,53,53,53,53,53,62,58,58,58,58,58],"gold":190,"neow_bonus":"THREE_SMALL_POTIONS","is_prod":false,"is_daily":false,"chose_seed":false,"campfire_upgraded":7,"win_rate":0,"timestamp":1682217736,"path_taken":["M","?","M","?","?","M","E","M","T","$","?","E","R","M","R","BOSS","M","M","$","?","?","E","R","E","T","E","M","$","R","E","R","BOSS","M","?","?","$","M","R","E","M","T","E","M","?","?","E","R","BOSS"],"build_version":"2022-12-18","purchased_purges":3,"victory":true,"max_hp_per_floor":[66,66,66,66,66,66,66,66,66,66,66,66,66,66,66,66,66,66,66,66,66,66,66,66,66,66,66,66,66,66,66,66,66,66,66,66,66,66,66,66,66,66,66,66,66,66,66,66,66,66],"relic_stats":{"Calipers":[3],"The Specimen":[8],"Torii":0,"counters":[27,110],"HoveringKite":[30],"PreservedInsect":310,"Boot":[46],"White Beast Statue":[0.0,0.06272000000000001,0.0,0.4332800000000001,0.0,0.43680000000000013,0.0,0.06720000000000002,0.0,0.0,0.0,1.4915200000000004],"Mercury Hourglass":[245],"Bottled Flame":"Neutralize","Nunchaku":[25],"Sundial":[8],"Mummified Hand":[2],"Turnip":[0],"obtain_stats":[{"Calipers":43,"The Specimen":23,"Torii":46,"HoveringKite":34,"Vajra":38,"PreservedInsect":31,"Odd Mushroom":11,"Boot":7,"Sling":10,"White Beast Statue":41,"Mercury Hourglass":25,"Bottled Flame":5,"Anchor":26,"Nunchaku":27,"Ninja Scroll":9,"Sundial":12,"Mummified Hand":48,"Orrery":38,"Turnip":44,"Ring of the Snake":0,"Runic Pyramid":17},{"Calipers":22,"The Specimen":12,"Torii":25,"HoveringKite":17,"Vajra":19,"PreservedInsect":16,"Odd Mushroom":6,"Boot":4,"Sling":5,"White Beast Statue":21,"Mercury Hourglass":13,"Bottled Flame":2,"Anchor":13,"Nunchaku":14,"Ninja Scroll":5,"Sundial":7,"Mummified Hand":26,"Orrery":19,"Turnip":23,"Ring of the Snake":0,"Runic Pyramid":9},{"Calipers":87,"The Specimen":47,"Torii":94,"HoveringKite":68,"Vajra":74,"PreservedInsect":58,"Odd Mushroom":24,"Boot":18,"Sling":20,"White Beast Statue":83,"Mercury Hourglass":50,"Bottled Flame":7,"Anchor":50,"Nunchaku":53,"Ninja Scroll":20,"Sundial":26,"Mummified Hand":97,"Orrery":74,"Turnip":88,"Ring of the Snake":0,"Runic Pyramid":38}],"Ring of the Snake":[54]},"card_choices":[{"not_picked":["Finisher","Bane"],"picked":"Quick Slash","floor":1.0},{"not_picked":["Endless Agony","Dagger Throw"],"picked":"Slice","floor":3},{"not_picked":["Acrobatics","Quick Slash"],"picked":"Phantasmal Killer","floor":6},{"not_picked":["Infinite Blades","Eviscerate"],"picked":"Dagger Throw","floor":7},{"not_picked":["Slice","Crippling Poison"],"picked":"Poisoned Stab","floor":8},{"not_picked":["Caltrops","Endless Agony"],"picked":"Blade Dance","floor":11},{"not_picked":["Blur","Prepared"],"picked":"Terror","floor":12},{"not_picked":["Poisoned Stab","Setup","Distraction"],"picked":"SKIP","floor":14},{"not_picked":["Tools of the Trade","Phantasmal Killer"],"picked":"Venomology","floor":16},{"not_picked":["Prepared","Flechettes","Dagger Spray"],"picked":"SKIP","floor":18},{"not_picked":["PiercingWail","Blade Dance"],"picked":"Prepared+1","floor":19},{"not_picked":["Dash","Cloak And Dagger"],"picked":"Underhanded Strike","floor":23},{"not_picked":["Masterful Stab","Concentrate"],"picked":"Night Terror","floor":25},{"not_picked":["Leg Sweep","Masterful Stab"],"picked":"Accuracy","floor":27},{"not_picked":["Cloak And Dagger","Bane","Poisoned Stab"],"picked":"SKIP","floor":28},{"not_picked":["Choke","Caltrops"],"picked":"Footwork","floor":31},{"not_picked":["Corpse Explosion","Adrenaline"],"picked":"A Thousand Cuts","floor":33},{"not_picked":["Poisoned Stab","Dagger Spray","Flying Knee"],"picked":"SKIP","floor":35},{"not_picked":["Bane","Dagger Throw"],"picked":"Adrenaline","floor":37},{"not_picked":["Sucker Punch","Finisher"],"picked":"Acrobatics+1","floor":38},{"not_picked":["Wraith Form v2","Deflect"],"picked":"Tactician+1","floor":38},{"not_picked":["Quick Slash","Endless Agony"],"picked":"Blade Dance","floor":38},{"not_picked":["All Out Attack","Prepared","Backflip"],"picked":"SKIP","floor":39},{"not_picked":["Corpse Explosion","Bane"],"picked":"Deflect","floor":41},{"not_picked":["Poisoned Stab+1","Deadly Poison"],"picked":"PiercingWail","floor":42},{"not_picked":["Bullet Time","Backflip","Glass Knife"],"picked":"SKIP","floor":44},{"not_picked":["Sucker Punch","Blade Dance","Dagger Spray"],"picked":"SKIP","floor":45},{"not_picked":["Sucker Punch","Dagger Spray"],"picked":"Blade Dance","floor":45},{"not_picked":["Cloak And Dagger","Slice+1"],"picked":"Blade Dance+1","floor":46},{"not_picked":["Escape Plan","Heel Hook"],"picked":"Malaise","floor":48}],"player_experience":5571662,"relics_obtained":[{"floor":5,"key":"Bottled Flame"},{"floor":7,"key":"Boot"},{"floor":9,"key":"Ninja Scroll"},{"floor":11,"key":"Odd Mushroom"},{"floor":12,"key":"Sundial"},{"floor":23,"key":"The Specimen"},{"floor":25,"key":"Mercury Hourglass"},{"floor":26,"key":"Anchor"},{"floor":27,"key":"Nunchaku"},{"floor":31,"key":"PreservedInsect"},{"floor":41,"key":"White Beast Statue"},{"floor":43,"key":"Calipers"},{"floor":44,"key":"Turnip"},{"floor":46,"key":"Torii"},{"floor":48,"key":"Mummified Hand"}],"event_choices":[{"damage_healed":0.0,"max_hp_gain":0.0,"max_hp_loss":0.0,"gold_gain":0.0,"event_name":"Shining Light","player_choice":"Ignored","floor":2.0,"gold_loss":0.0,"damage_taken":0.0},{"damage_healed":0,"gold_gain":0,"player_choice":"Grow","damage_taken":0,"max_hp_gain":0,"max_hp_loss":0,"event_name":"Living Wall","floor":4,"gold_loss":0,"cards_upgraded":["Neutralize"]},{"damage_healed":0,"gold_gain":0,"player_choice":"Fought Mushrooms","damage_taken":0,"max_hp_gain":0,"max_hp_loss":0,"event_name":"Mushrooms","floor":11,"gold_loss":0},{"damage_healed":0,"gold_gain":0,"player_choice":"Ignored","damage_taken":0,"max_hp_gain":0,"max_hp_loss":0,"event_name":"The Mausoleum","floor":21,"gold_loss":0},{"damage_healed":0,"gold_gain":0,"player_choice":"Simplicity","damage_taken":0,"max_hp_gain":0,"max_hp_loss":0,"event_name":"Back to Basics","floor":22,"gold_loss":0,"cards_upgraded":["Strike_G","Strike_G","Strike_G","Strike_G","Defend_G","Defend_G","Defend_G","Defend_G","Defend_G"]},{"damage_healed":0,"gold_gain":275,"player_choice":"Desecrate","damage_taken":0,"max_hp_gain":0,"max_hp_loss":0,"event_name":"Golden Shrine","floor":36,"gold_loss":0,"cards_obtained":["Regret"]},{"damage_healed":0,"gold_gain":0,"player_choice":"Fight","damage_taken":0,"max_hp_gain":0,"max_hp_loss":0,"event_name":"Mysterious Sphere","floor":46,"gold_loss":0},{"cards_removed":["Strike_G"],"damage_healed":0,"gold_gain":0,"player_choice":"Removed Attack","damage_taken":0,"max_hp_gain":0,"max_hp_loss":0,"event_name":"Falling","floor":47,"gold_loss":0}],"is_beta":false,"boss_relics":[{"not_picked":["Coffee Dripper","SlaversCollar"],"picked":"Runic Pyramid"},{"not_picked":["Runic Dome","Empty Cage"],"picked":"HoveringKite"}],"items_purged_floors":[20,29,38],"is_endless":false,"potions_floor_spawned":[6,11,14,16,19,23,27,31,35,39,41,42,44,45,46,48],"ascension_level":15}