{"gold_per_floor":[118,137,212,115,125,125,125,169,214,230,270,288,332,356,356,356],"floor_reached":16,"playtime":966,"items_purged":["Strike_G"],"score":214,"play_id":"ce6117b9-ddbe-42e7-b5a6-d2a4ae594e1d","local_time":"20230505184901","is_ascension_mode":true,"campfire_choices":[{"data":"Neutralize","floor":6,"key":"SMITH"},{"data":"Sucker Punch","floor":15,"key":"SMITH"}],"neow_cost":"NONE","seed_source_timestamp":173736993719900,"circlet_count":0,"master_deck":["AscendersBane","Strike_G","Strike_G","Strike_G","Defend_G","Defend_G","Defend_G","Defend_G","Defend_G","Survivor","Neutralize+1","Sucker Punch+1","Riddle With Holes","Quick Slash","Dagger Spray","Dash","Acrobatics","Dagger Throw","PiercingWail","Backflip","Heel Hook"],"relics":["Ring of the Snake","Golden Idol","Toy Ornithopter","Snake Skull","HornCleat","FossilizedHelix"],"potions_floor_usage":[8,11,16,16],"damage_taken":[{"damage":0,"enemies":"Cultist","floor":1,"turns":4},{"damage":0,"enemies":"2 Louse","floor":2,"turns":3},{"damage":1,"enemies":"Jaw Worm","floor":5,"turns":3},{"damage":2,"enemies":"Gremlin Nob","floor":8,"turns":5},{"damage":0,"enemies":"Exordium Wildlife","floor":10,"turns":3},{"damage":20,"enemies":"Lagavulin","floor":11,"turns":11},{"damage":9,"enemies":"Exordium Thugs","floor":12,"turns":6},{"damage":14,"enemies":"3 Sentries","floor":13,"turns":11},{"damage":0,"enemies":"3 Louse","floor":14,"turns":3},{"damage":20,"enemies":"Hexaghost","floor":16,"turns":15}],"seed_played":"5326019880264500779","potions_obtained":[{"floor":1,"key":"GamblersBrew"},{"floor":2,"key":"Block Potion"},{"floor":10,"key":"PowerPotion"},{"floor":14,"key":"GamblersBrew"}],"is_trial":false,"path_per_floor":["M","M","?","$","M","R","?","E","T","M","E","M","E","M","R","B"],"character_chosen":"THE_SILENT","basemod:card_modifiers":[null,null,null,null,null,null,null,null,null,null,null,null,null,null,null,null,null,null,null,null,null],"items_purchased":["Dagger Spray"],"campfire_rested":0,"item_purchase_floors":[4],"current_hp_per_floor":[59,59,48,48,47,47,47,45,45,45,30,21,7,7,7,0],"gold":356,"neow_bonus":"TRANSFORM_CARD","is_prod":false,"is_daily":false,"chose_seed":false,"campfire_upgraded":2,"win_rate":0,"timestamp":1683337741,"path_taken":["M","?","?","$","M","R","?","E","T","M","E","M","E","?","R","BOSS"],"build_version":"2022-12-18","purchased_purges":1,"victory":false,"max_hp_per_floor":[66,66,66,66,66,66,60,60,60,60,60,60,60,60,60,60],"relic_stats":{"counters":[10,64],"Golden Idol":38,"Snake Skull":[0],"obtain_stats":[{"HornCleat":11,"Golden Idol":7,"Snake Skull":9,"Toy Ornithopter":8,"FossilizedHelix":13,"Ring of the Snake":0},{"HornCleat":6,"Golden Idol":3,"Snake Skull":4,"Toy Ornithopter":4,"FossilizedHelix":8,"Ring of the Snake":0},{"HornCleat":29,"Golden Idol":10,"Snake Skull":15,"Toy Ornithopter":15,"FossilizedHelix":46,"Ring of the Snake":0}],"Toy Ornithopter":15,"FossilizedHelix":[6],"Ring of the Snake":[20]},"card_choices":[{"not_picked":["Endless Agony","Deflect"],"picked":"Riddle With Holes","floor":1},{"not_picked":["Eviscerate","Calculated Gamble"],"picked":"Quick Slash","floor":2},{"not_picked":["Deadly Poison","Setup"],"picked":"Dash","floor":5},{"not_picked":["All Out Attack","Crippling Poison","Predator"],"picked":"SKIP","floor":8},{"not_picked":["Quick Slash","Tactician"],"picked":"Acrobatics","floor":10},{"not_picked":["Finisher","Cloak And Dagger"],"picked":"Dagger Throw","floor":11},{"not_picked":["Poisoned Stab","Deflect"],"picked":"PiercingWail","floor":12},{"not_picked":["Flechettes","Predator"],"picked":"Backflip","floor":13},{"not_picked":["Deadly Poison","PiercingWail"],"picked":"Heel Hook","floor":14}],"player_experience":5576138,"relics_obtained":[{"floor":8,"key":"Toy Ornithopter"},{"floor":9,"key":"Snake Skull"},{"floor":11,"key":"HornCleat"},{"floor":13,"key":"FossilizedHelix"}],"event_choices":[{"damage_healed":0,"gold_gain":75,"player_choice":"Gather Gold","damage_taken":11,"max_hp_gain":0,"max_hp_loss":0,"event_name":"World of Goop","floor":3,"gold_loss":0},{"damage_healed":0,"gold_gain":0,"player_choice":"Lose Max HP","damage_taken":0,"relics_obtained":["Golden Idol"],"max_hp_gain":0,"max_hp_loss":6,"event_name":"Golden Idol","floor":7,"gold_loss":0}],"is_beta":false,"boss_relics":[],"items_purged_floors":[4],"is_endless":false,"potions_floor_spawned":[1,2,10,14],"killed_by":"Hexaghost","ascension_level":15}