{"gold_per_floor":[111,129,204,204,220,220,246,246,246,246,278,291,301,301,301,378,378,389,439,116,116,116,150,150,193,193,193,234,254,177,201,201,289,316,345,204,232,58,0,0,34,57,57,94,94,129,150,184,184,184],"floor_reached":51,"playtime":2526,"items_purged":["Strike_G","Strike_G","Strike_G"],"score":1676,"play_id":"f48f7a43-3849-4013-ad08-5355534baa90","local_time":"20230515174853","is_ascension_mode":true,"campfire_choices":[{"data":"Masterful Stab","floor":6.0,"key":"SMITH"},{"floor":8.0,"key":"REST"},{"data":"Sucker Punch","floor":10.0,"key":"SMITH"},{"floor":15.0,"key":"REST"},{"data":"Infinite Blades","floor":24.0,"key":"SMITH"},{"floor":27.0,"key":"REST"},{"data":"Footwork","floor":32.0,"key":"SMITH"},{"data":"A Thousand Cuts","floor":40,"key":"SMITH"},{"data":"Tactician","floor":49,"key":"SMITH"}],"neow_cost":"NONE","seed_source_timestamp":118368557484600,"circlet_count":0,"master_deck":["AscendersBane","Defend_G","Defend_G","Defend_G","Defend_G","Survivor","Neutralize+1","Footwork+1","Sucker Punch+1","Infinite Blades+1","Escape Plan","All Out Attack","Tools of the Trade","Caltrops+1","PiercingWail","Acrobatics","Underhanded Strike+1","Tactician+1","Blur","After Image","A Thousand Cuts+1","Choke+1","Deflect+1","Reflex+1","Dodge and Roll+1","Acrobatics+1","Acrobatics+1","Terror+1","Cloak And Dagger+1","Cloak And Dagger+1","Backflip+1","Blade Dance+1"],"special_seed":0,"relics":["Ring of the Snake","WarpedTongs","Shuriken","Nunchaku","Oddly Smooth Stone","Cursed Key","Membership Card","Kunai","MutagenicStrength","Regal Pillow","CeramicFish","Ancient Tea Set","Astrolabe","Vajra","Bag of Preparation","OrangePellets","Red Mask","Toxic Egg 2","Bronze Scales","Lantern","Snake Skull"],"potions_floor_usage":[44,50,50],"damage_taken":[{"damage":2.0,"enemies":"Small Slimes","floor":1.0,"turns":4.0},{"damage":0.0,"enemies":"Jaw Worm","floor":2.0,"turns":5.0},{"damage":3.0,"enemies":"Cultist","floor":5.0,"turns":4.0},{"damage":25.0,"enemies":"Gremlin Nob","floor":7.0,"turns":5.0},{"damage":29.0,"enemies":"3 Sentries","floor":11.0,"turns":11.0},{"damage":1.0,"enemies":"Exordium Wildlife","floor":12.0,"turns":5.0},{"damage":3.0,"enemies":"Red Slaver","floor":13.0,"turns":6.0},{"damage":1.0,"enemies":"The Guardian","floor":16.0,"turns":10.0},{"damage":0.0,"enemies":"3 Byrds","floor":18.0,"turns":5.0},{"damage":18.0,"enemies":"Slavers","floor":23.0,"turns":6.0},{"damage":11.0,"enemies":"Book of Stabbing","floor":25.0,"turns":6.0},{"damage":0.0,"enemies":"Gremlin Leader","floor":28.0,"turns":6.0},{"damage":3.0,"enemies":"Shell Parasite","floor":29.0,"turns":4.0},{"damage":0.0,"enemies":"Chosen and Byrds","floor":31.0,"turns":7.0},{"damage":0.0,"enemies":"Champ","floor":33.0,"turns":14.0},{"damage":3.0,"enemies":"Orb Walker","floor":35.0,"turns":4.0},{"damage":0,"enemies":"3 Shapes","floor":37,"turns":4},{"damage":0,"enemies":"Giant Head","floor":41,"turns":7},{"damage":5,"enemies":"Maw","floor":42,"turns":6},{"damage":0,"enemies":"Nemesis","floor":44,"turns":6},{"damage":0,"enemies":"Giant Head","floor":46,"turns":6},{"damage":0,"enemies":"Transient","floor":47,"turns":5},{"damage":5,"enemies":"Nemesis","floor":48,"turns":5},{"damage":8,"enemies":"Time Eater","floor":50,"turns":7}],"seed_played":"7236758305087803384","potions_obtained":[{"floor":1.0,"key":"CunningPotion"},{"floor":7.0,"key":"Weak Potion"},{"floor":16.0,"key":"Energy Potion"},{"floor":28.0,"key":"Dexterity Potion"},{"floor":47,"key":"Block Potion"}],"is_trial":false,"path_per_floor":["M","M","?","?","M","R","E","R","T","R","E","M","M","?","R","B",null,"M","?","$","?","?","E","R","E","T","R","E","M","$","M","R","B",null,"M","$","M","$","?","R","E","M","T","E","?","E","M","E","R","B",null],"character_chosen":"THE_SILENT","basemod:card_modifiers":[null,null,null,null,null,null,null,null,null,null,null,null,null,null,null,null,null,null,null,null,null,null,null,null,null,null,null,null,null,null,null,null],"items_purchased":["Membership Card","Kunai","PiercingWail","Blur","Vajra","Bag of Preparation","OrangePellets","SpeedPotion"],"campfire_rested":3,"item_purchase_floors":[20,20,20,30,36,38,38,38],"current_hp_per_floor":[57,57,46,46,43,43,18,37,37,37,8,7,4,4,23,22,55,55,55,55,55,55,37,37,26,26,60,60,57,57,57,57,57,64,61,61,61,61,61,61,61,56,56,56,56,56,56,51,51,43],"gold":184,"neow_bonus":"UPGRADE_CARD","is_prod":false,"is_daily":false,"chose_seed":false,"campfire_upgraded":6,"win_rate":0,"timestamp":1684198133,"path_taken":["M","M","?","?","M","R","E","R","T","R","E","?","M","?","R","BOSS","M","?","$","?","?","E","R","E","T","R","E","M","$","M","R","BOSS","M","$","M","$","?","R","E","M","T","E","?","E","M","E","R","BOSS"],"build_version":"2022-12-18","purchased_purges":3,"victory":true,"max_hp_per_floor":[66,66,66,66,66,66,66,66,66,66,66,66,66,66,66,66,66,66,66,66,66,66,66,66,66,66,66,66,66,66,66,66,66,66,66,66,66,66,66,66,66,66,66,66,66,66,66,66,66,66],"relic_stats":{"Regal Pillow":15,"counters":[24,148],"CeramicFish":144,"Astrolabe":["Choke","Deflect","Reflex"],"Snake Skull":[0],"Bag of Preparation":[14],"Cursed Key":0,"Ancient Tea Set":[6],"WarpedTongs":[137],"OrangePellets":[10],"Nunchaku":[33],"Shuriken":[77],"Bronze Scales":[55],"Membership Card":568,"Kunai":[62],"obtain_stats":[{"Regal Pillow":23,"Lantern":46,"CeramicFish":25,"Astrolabe":34,"Oddly Smooth Stone":11,"Vajra":36,"Snake Skull":48,"Bag of Preparation":38,"Cursed Key":17,"Ancient Tea Set":28,"WarpedTongs":4,"OrangePellets":38,"Nunchaku":9,"Shuriken":7,"MutagenicStrength":22,"Bronze Scales":44,"Red Mask":39,"Membership Card":20,"Kunai":20,"Toxic Egg 2":41,"Ring of the Snake":0},{"Regal Pillow":10,"Lantern":21,"CeramicFish":11,"Astrolabe":15,"Oddly Smooth Stone":5,"Vajra":16,"Snake Skull":23,"Bag of Preparation":17,"Cursed Key":8,"Ancient Tea Set":12,"WarpedTongs":2,"OrangePellets":17,"Nunchaku":4,"Shuriken":4,"MutagenicStrength":9,"Bronze Scales":20,"Red Mask":17,"Membership Card":9,"Kunai":9,"Toxic Egg 2":18,"Ring of the Snake":0},{"Regal Pillow":61,"Lantern":131,"CeramicFish":67,"Astrolabe":98,"Oddly Smooth Stone":29,"Vajra":102,"Snake Skull":141,"Bag of Preparation":106,"Cursed Key":50,"Ancient Tea Set":73,"WarpedTongs":9,"OrangePellets":106,"Nunchaku":18,"Shuriken":18,"MutagenicStrength":55,"Bronze Scales":125,"Red Mask":106,"Membership Card":55,"Kunai":55,"Toxic Egg 2":113,"Ring of the Snake":0}],"Ring of the Snake":[48]},"card_choices":[{"not_picked":["Setup","Flying Knee"],"picked":"Masterful Stab","floor":1.0},{"not_picked":["Reflex","Flying Knee"],"picked":"Footwork","floor":2.0},{"not_picked":["Riddle With Holes","Deflect"],"picked":"Sucker Punch","floor":5.0},{"not_picked":["Bane","Setup","Grand Finale"],"picked":"SKIP","floor":7.0},{"not_picked":["Dodge and Roll","Masterful Stab"],"picked":"Infinite Blades","floor":11.0},{"not_picked":["Deadly Poison","Bane"],"picked":"Escape Plan","floor":12.0},{"not_picked":["Calculated Gamble","Setup"],"picked":"All Out Attack","floor":13.0},{"not_picked":["Grand Finale","Doppelganger"],"picked":"Tools of the Trade","floor":16.0},{"not_picked":["Sucker Punch","Underhanded Strike"],"picked":"Caltrops+1","floor":18.0},{"not_picked":["Bane","PiercingWail"],"picked":"Acrobatics","floor":23.0},{"not_picked":["Deflect","Slice"],"picked":"Underhanded Strike+1","floor":25.0},{"not_picked":["Underhanded Strike","Cloak And Dagger"],"picked":"Tactician","floor":28.0},{"not_picked":["Night Terror","Quick Slash","Underhanded Strike"],"picked":"SKIP","floor":29.0},{"not_picked":["Dagger Spray","Escape Plan"],"picked":"After Image","floor":31.0},{"not_picked":["Night Terror","Storm of Steel"],"picked":"A Thousand Cuts","floor":33.0},{"not_picked":["Acrobatics","Footwork"],"picked":"Dodge and Roll+1","floor":35.0},{"not_picked":["Prepared","Footwork"],"picked":"Acrobatics+1","floor":37},{"not_picked":["Bane","Dagger Spray"],"picked":"Acrobatics+1","floor":41},{"not_picked":["Dagger Throw+1","Adrenaline+1"],"picked":"Terror+1","floor":42},{"not_picked":["Poisoned Stab","Slice+1"],"picked":"Cloak And Dagger+1","floor":44},{"not_picked":["Catalyst+1","Doppelganger+1"],"picked":"Cloak And Dagger+1","floor":46},{"not_picked":["Flying Knee+1","Underhanded Strike"],"picked":"Backflip+1","floor":47},{"not_picked":["Bouncing Flask+1","Concentrate+1"],"picked":"Blade Dance+1","floor":48}],"player_experience":5595835,"relics_obtained":[{"floor":7.0,"key":"Shuriken"},{"floor":9.0,"key":"Nunchaku"},{"floor":11.0,"key":"Oddly Smooth Stone"},{"floor":23.0,"key":"Regal Pillow"},{"floor":25.0,"key":"CeramicFish"},{"floor":28.0,"key":"Ancient Tea Set"},{"floor":41,"key":"Toxic Egg 2"},{"floor":44,"key":"Bronze Scales"},{"floor":46,"key":"Lantern"},{"floor":48,"key":"Snake Skull"}],"event_choices":[{"damage_healed":0.0,"max_hp_gain":0.0,"max_hp_loss":0.0,"gold_gain":75.0,"event_name":"World of Goop","player_choice":"Gather Gold","floor":3.0,"gold_loss":0.0,"damage_taken":11.0},{"damage_healed":0.0,"max_hp_gain":0.0,"max_hp_loss":0.0,"gold_gain":0.0,"event_name":"Accursed Blacksmith","player_choice":"Rummage","floor":4.0,"gold_loss":0.0,"damage_taken":0.0,"relics_obtained":["WarpedTongs"],"cards_obtained":["Pain"]},{"cards_removed":["Pain"],"damage_healed":0.0,"max_hp_gain":0.0,"max_hp_loss":0.0,"gold_gain":0.0,"event_name":"Purifier","player_choice":"Purged","floor":14.0,"gold_loss":0.0,"damage_taken":0.0},{"damage_healed":0.0,"max_hp_gain":0.0,"max_hp_loss":0.0,"gold_gain":50.0,"event_name":"Nest","player_choice":"Stole From Cult","floor":19.0,"gold_loss":0.0,"damage_taken":0.0},{"damage_healed":0.0,"max_hp_gain":0.0,"max_hp_loss":0.0,"gold_gain":0.0,"event_name":"Cursed Tome","player_choice":"Ignored","floor":21.0,"gold_loss":0.0,"damage_taken":0.0},{"damage_healed":0.0,"max_hp_gain":0.0,"max_hp_loss":0.0,"gold_gain":0.0,"event_name":"Drug Dealer","player_choice":"Inject Mutagens","floor":22.0,"gold_loss":0.0,"damage_taken":0.0,"relics_obtained":["MutagenicStrength"]},{"damage_healed":0,"gold_gain":0,"player_choice":"Paid","damage_taken":0,"relics_obtained":["Red Mask"],"max_hp_gain":0,"max_hp_loss":0,"event_name":"Tomb of Lord Red Mask","floor":39,"gold_loss":58},{"cards_removed":["Defend_G"],"damage_healed":0,"gold_gain":0,"player_choice":"Removed Skill","damage_taken":0,"max_hp_gain":0,"max_hp_loss":0,"event_name":"Falling","floor":45,"gold_loss":0}],"is_beta":false,"boss_relics":[{"not_picked":["Runic Dome","Velvet Choker"],"picked":"Cursed Key"},{"not_picked":["Busted Crown","Tiny House"],"picked":"Astrolabe"}],"items_purged_floors":[20,30,36],"is_endless":false,"potions_floor_spawned":[1,7,16,28,31,33,35,37,42,47],"ascension_level":15}