{"gold_per_floor":[13,13,26,38,58,85,85,117,117,42,42,71,85,122,122,205,205,225,225,242,242,242,242,280,280,305,317,65,76,49,83,83,166,166,181,181,204,204,228,228,262,278,278,314,333,71,71,110,110,110],"floor_reached":51,"playtime":2820,"items_purged":["Strike_G","Prepared"],"score":1369,"play_id":"a29bd5b3-b8c9-41f8-8219-f3c8edb28c45","local_time":"20230607194043","is_ascension_mode":true,"campfire_choices":[{"floor":7.0,"key":"REST"},{"data":"Neutralize","floor":15.0,"key":"SMITH"},{"floor":23.0,"key":"REST"},{"data":"Tools of the Trade","floor":25.0,"key":"SMITH"},{"floor":32,"key":"REST"},{"data":"Well Laid Plans","floor":40,"key":"SMITH"},{"floor":47,"key":"REST"},{"floor":49,"key":"REST"}],"neow_cost":"NO_GOLD","seed_source_timestamp":79747501359700,"circlet_count":0,"master_deck":["AscendersBane","Strike_G+1","Strike_G+1","Strike_G+1","Defend_G+1","Defend_G+1","Defend_G+1","Defend_G+1","Survivor","Neutralize+1","Underhanded Strike+1","Terror","Leg Sweep","Dagger Throw","Blur+1","Phantasmal Killer","Infinite Blades+1","Tools of the Trade+1","Well Laid Plans+1","Swift Strike","Accuracy","PiercingWail+1","Underhanded Strike","Deflect+1","Blade Dance","Cloak And Dagger+1","Blade Dance+1"],"special_seed":0,"relics":["Ring of the Snake","Ancient Tea Set","HornCleat","StrikeDummy","CeramicFish","Odd Mushroom","Sozu","Nunchaku","Anchor","CaptainsWheel","HoveringKite","Potion Belt","Unceasing Top","Strawberry","Kunai","War Paint"],"potions_floor_usage":[50,50],"damage_taken":[{"damage":0.0,"enemies":"Cultist","floor":1.0,"turns":4.0},{"damage":2.0,"enemies":"Jaw Worm","floor":3.0,"turns":3.0},{"damage":0.0,"enemies":"2 Louse","floor":4.0,"turns":2.0},{"damage":8.0,"enemies":"Looter","floor":5.0,"turns":3.0},{"damage":20.0,"enemies":"Lagavulin","floor":6.0,"turns":8.0},{"damage":7.0,"enemies":"Gremlin Nob","floor":8.0,"turns":3.0},{"damage":5.0,"enemies":"Lagavulin","floor":12.0,"turns":4.0},{"damage":0.0,"enemies":"2 Fungi Beasts","floor":13.0,"turns":3.0},{"damage":11.0,"enemies":"The Mushroom Lair","floor":14.0,"turns":4.0},{"damage":9.0,"enemies":"The Guardian","floor":16.0,"turns":14.0},{"damage":10.0,"enemies":"3 Byrds","floor":18.0,"turns":8.0},{"damage":0.0,"enemies":"Chosen","floor":20.0,"turns":4.0},{"damage":28.0,"enemies":"Slavers","floor":24.0,"turns":6.0},{"damage":0.0,"enemies":"3 Cultists","floor":27.0,"turns":4.0},{"damage":0.0,"enemies":"Centurion and Healer","floor":29.0,"turns":4.0},{"damage":4,"enemies":"Book of Stabbing","floor":31,"turns":4},{"damage":10,"enemies":"Collector","floor":33,"turns":10},{"damage":11,"enemies":"3 Darklings","floor":35,"turns":6},{"damage":5,"enemies":"3 Shapes","floor":37,"turns":5},{"damage":0,"enemies":"Writhing Mass","floor":39,"turns":5},{"damage":6,"enemies":"Nemesis","floor":41,"turns":9},{"damage":1,"enemies":"Jaw Worm Horde","floor":42,"turns":5},{"damage":12,"enemies":"Giant Head","floor":44,"turns":7},{"damage":4,"enemies":"Spire Growth","floor":45,"turns":4},{"damage":0,"enemies":"Reptomancer","floor":48,"turns":4},{"damage":32,"enemies":"Time Eater","floor":50,"turns":13}],"seed_played":"6855295979940095479","potions_obtained":[{"floor":3.0,"key":"Weak Potion"},{"floor":5.0,"key":"LiquidMemories"},{"floor":8.0,"key":"Dexterity Potion"},{"floor":14.0,"key":"SteroidPotion"}],"is_trial":false,"path_per_floor":["M","?","M","M","M","E","R","E","T","$","?","E","M","?","R","B",null,"M","?","M","?","?","R","E","R","T","M","$","M","$","E","R","B",null,"M","?","M","?","M","R","E","M","T","E","M","$","R","E","R","B",null],"character_chosen":"THE_SILENT","basemod:card_modifiers":[null,null,null,null,null,null,null,null,null,null,null,null,null,null,null,null,null,null,null,null,null,null,null,null,null,null,null],"items_purchased":["Well Laid Plans","Swift Strike","Accuracy","Kunai"],"campfire_rested":5,"item_purchase_floors":[28,28,30,46],"current_hp_per_floor":[59,59,57,57,49,29,48,41,41,41,46,41,41,30,30,21,59,49,49,49,49,49,70,42,42,42,42,42,42,42,38,59,49,66,55,55,50,50,50,50,44,43,43,38,34,34,57,57,78,46],"gold":110,"neow_bonus":"REMOVE_TWO","is_prod":false,"is_daily":false,"chose_seed":false,"campfire_upgraded":3,"win_rate":0,"timestamp":1686192043,"path_taken":["M","?","M","M","M","E","R","E","T","?","?","E","M","?","R","BOSS","M","?","M","?","?","R","E","R","T","M","$","?","?","E","R","BOSS","M","?","M","?","M","R","E","M","T","E","M","$","R","E","R","BOSS"],"build_version":"2022-12-18","purchased_purges":2,"victory":true,"max_hp_per_floor":[66,66,66,66,66,66,66,66,66,66,71,71,71,71,71,71,71,71,71,71,71,71,71,71,71,71,71,71,71,71,71,71,71,71,71,71,71,71,71,71,71,71,71,78,78,78,78,78,78,78],"relic_stats":{"Sozu":6,"Nunchaku":[24],"counters":[26,146],"CeramicFish":126,"HoveringKite":[37],"Kunai":[19],"War Paint":["Blur","Blade Dance"],"Ancient Tea Set":[16],"obtain_stats":[{"Potion Belt":41,"CeramicFish":12,"HoveringKite":34,"Odd Mushroom":14,"War Paint":48,"Ancient Tea Set":6,"Sozu":17,"Nunchaku":24,"Anchor":26,"CaptainsWheel":31,"HornCleat":8,"Strawberry":44,"Kunai":46,"StrikeDummy":9,"Unceasing Top":43,"Ring of the Snake":0},{"Potion Belt":21,"CeramicFish":7,"HoveringKite":17,"Odd Mushroom":9,"War Paint":25,"Ancient Tea Set":5,"Sozu":10,"Nunchaku":13,"Anchor":13,"CaptainsWheel":16,"HornCleat":6,"Strawberry":23,"Kunai":24,"StrikeDummy":6,"Unceasing Top":22,"Ring of the Snake":0},{"Potion Belt":113,"CeramicFish":27,"HoveringKite":88,"Odd Mushroom":34,"War Paint":133,"Ancient Tea Set":20,"Sozu":48,"Nunchaku":66,"Anchor":66,"CaptainsWheel":78,"HornCleat":23,"Strawberry":125,"Kunai":129,"StrikeDummy":23,"Unceasing Top":118,"Ring of the Snake":0}],"Unceasing Top":[17],"Ring of the Snake":[52]},"card_choices":[{"not_picked":["Riddle With Holes","Poisoned Stab"],"picked":"Underhanded Strike","floor":1.0},{"not_picked":["Acrobatics","Expertise"],"picked":"Flying Knee","floor":3.0},{"not_picked":["Masterful Stab","Prepared"],"picked":"Terror","floor":4.0},{"not_picked":["Masterful Stab","Grand Finale"],"picked":"Prepared","floor":5.0},{"not_picked":["Heel Hook","Reflex"],"picked":"Leg Sweep","floor":6.0},{"not_picked":["Well Laid Plans","Crippling Poison"],"picked":"Dagger Throw","floor":8.0},{"not_picked":["Concentrate","Bouncing Flask","Masterful Stab"],"picked":"SKIP","floor":12.0},{"not_picked":["Concentrate","Bouncing Flask","Masterful Stab"],"picked":"SKIP","floor":12.0},{"not_picked":["Infinite Blades","Cloak And Dagger","Quick Slash"],"picked":"SKIP","floor":13.0},{"not_picked":["Concentrate","Prepared"],"picked":"Blur","floor":14.0},{"not_picked":["Corpse Explosion","Wraith Form v2"],"picked":"Phantasmal Killer","floor":16.0},{"not_picked":["Backflip","Sucker Punch"],"picked":"Infinite Blades+1","floor":18.0},{"not_picked":["Masterful Stab","Poisoned Stab","Dodge and Roll"],"picked":"SKIP","floor":20.0},{"not_picked":["Infinite Blades","Dagger Throw"],"picked":"Tools of the Trade","floor":24.0},{"not_picked":["Sucker Punch","Riddle With Holes","Terror"],"picked":"SKIP","floor":27.0},{"not_picked":["Caltrops+1","Concentrate","Finisher"],"picked":"SKIP","floor":29.0},{"not_picked":["Deflect","Leg Sweep+1"],"picked":"PiercingWail+1","floor":31},{"not_picked":["Phantasmal Killer","Corpse Explosion"],"picked":"A Thousand Cuts","floor":33},{"not_picked":["Flying Knee","All Out Attack+1","Terror"],"picked":"SKIP","floor":35},{"not_picked":["Caltrops","Slice"],"picked":"Underhanded Strike","floor":37},{"not_picked":["Prepared+1","Riddle With Holes+1"],"picked":"Deflect+1","floor":39},{"not_picked":["Dodge and Roll","Deadly Poison"],"picked":"Blade Dance","floor":41},{"not_picked":["Dagger Throw+1","Flying Knee+1","Choke+1"],"picked":"SKIP","floor":42},{"not_picked":["Die Die Die","Riddle With Holes"],"picked":"Cloak And Dagger+1","floor":44},{"not_picked":["Leg Sweep","Quick Slash+1","Blade Dance"],"picked":"SKIP","floor":45},{"not_picked":["Night Terror","Skewer"],"picked":"Blade Dance","floor":48}],"player_experience":5622783,"relics_obtained":[{"floor":6.0,"key":"Ancient Tea Set"},{"floor":8.0,"key":"HornCleat"},{"floor":9.0,"key":"StrikeDummy"},{"floor":12.0,"key":"CeramicFish"},{"floor":14.0,"key":"Odd Mushroom"},{"floor":24.0,"key":"Nunchaku"},{"floor":26.0,"key":"Anchor"},{"floor":31,"key":"CaptainsWheel"},{"floor":41,"key":"Potion Belt"},{"floor":43,"key":"Unceasing Top"},{"floor":44,"key":"Strawberry"},{"floor":48,"key":"War Paint"}],"event_choices":[{"damage_healed":0.0,"max_hp_gain":0.0,"max_hp_loss":0.0,"gold_gain":0.0,"event_name":"Living Wall","player_choice":"Grow","floor":2.0,"gold_loss":0.0,"damage_taken":0.0,"cards_upgraded":["Underhanded Strike"]},{"damage_healed":0.0,"max_hp_gain":5.0,"max_hp_loss":0.0,"gold_gain":0.0,"event_name":"Big Fish","player_choice":"Donut","floor":11.0,"gold_loss":0.0,"damage_taken":0.0},{"damage_healed":0.0,"max_hp_gain":0.0,"max_hp_loss":0.0,"gold_gain":0.0,"event_name":"Mushrooms","player_choice":"Fought Mushrooms","floor":14.0,"gold_loss":0.0,"damage_taken":0.0},{"damage_healed":0.0,"max_hp_gain":0.0,"max_hp_loss":0.0,"gold_gain":0.0,"event_name":"Back to Basics","player_choice":"Simplicity","floor":19.0,"gold_loss":0.0,"damage_taken":0.0,"cards_upgraded":["Strike_G","Strike_G","Strike_G","Defend_G","Defend_G","Defend_G","Defend_G"]},{"damage_healed":0.0,"max_hp_gain":0.0,"max_hp_loss":0.0,"gold_gain":0.0,"event_name":"Cursed Tome","player_choice":"Ignored","floor":21.0,"gold_loss":0.0,"damage_taken":0.0},{"cards_removed":["Flying Knee"],"damage_healed":0.0,"max_hp_gain":0.0,"max_hp_loss":0.0,"gold_gain":0.0,"event_name":"Purifier","player_choice":"Purged","floor":22.0,"gold_loss":0.0,"damage_taken":0.0},{"cards_removed":["A Thousand Cuts"],"damage_healed":0,"gold_gain":0,"player_choice":"Removed Power","damage_taken":0,"max_hp_gain":0,"max_hp_loss":0,"event_name":"Falling","floor":36,"gold_loss":0},{"damage_healed":0,"gold_gain":0,"player_choice":"Ignored","damage_taken":0,"max_hp_gain":0,"max_hp_loss":0,"event_name":"Tomb of Lord Red Mask","floor":38,"gold_loss":0}],"is_beta":false,"boss_relics":[{"not_picked":["Coffee Dripper","Busted Crown"],"picked":"Sozu"},{"not_picked":["Velvet Choker","Tiny House"],"picked":"HoveringKite"}],"items_purged_floors":[10,28],"is_endless":false,"potions_floor_spawned":[3,5,8,14,16,24,27,35,41,42,44],"ascension_level":15}