{"gold_per_floor":[211,211,223,237,254,254,286,286,333,367,62,62,96,121,121,199,199,209,12,39,56,56,89,89,8,8,22,57,57,90,180,180,255,255,271,283,283,303,303,338,372,397,460,460,201,232,256,277,277,277],"floor_reached":51,"playtime":2789,"items_purged":["Strike_G","Strike_G","Strike_G","Shame"],"score":1601,"play_id":"3293cb67-813e-4460-8cd2-c00eac605228","local_time":"20230611194928","is_ascension_mode":true,"campfire_choices":[{"data":"Blade Dance","floor":6.0,"key":"SMITH"},{"data":"Well Laid Plans","floor":12.0,"key":"SMITH"},{"floor":15.0,"key":"REST"},{"data":"Noxious Fumes","floor":24.0,"key":"SMITH"},{"data":"Glass Knife","floor":29.0,"key":"SMITH"},{"data":"Neutralize","floor":32.0,"key":"SMITH"},{"data":"Burst","floor":44,"key":"SMITH"},{"data":"Caltrops","floor":49,"key":"SMITH"}],"neow_cost":"NONE","seed_source_timestamp":0,"circlet_count":0,"master_deck":["AscendersBane","Defend_G","Defend_G","Defend_G","Defend_G","Defend_G","Survivor","Neutralize+1","Deflect","Noxious Fumes+1","Dagger Throw","Blade Dance+1","Bouncing Flask+1","PiercingWail","Well Laid Plans+1","Glass Knife+1","Poisoned Stab","Die Die Die","Sucker Punch+1","Backflip","Calculated Gamble","Blur+1","Acrobatics","Venomology","CurseOfTheBell","Backstab+1","Burst+1","Leg Sweep","Caltrops+1","Backflip","PiercingWail+1"],"special_seed":0,"relics":["Ring of the Snake","Eternal Feather","Blood Vial","Juzu Bracelet","Happy Flower","Dream Catcher","PreservedInsect","Cursed Key","Membership Card","Red Mask","Kunai","Thread and Needle","Pen Nib","Calling Bell","CeramicFish","Blue Candle","Ice Cream","Bag of Preparation","Bird Faced Urn","StrikeDummy","Vajra","HornCleat","Ancient Tea Set"],"potions_floor_usage":[46,47,48,50,50],"damage_taken":[{"damage":5.0,"enemies":"Small Slimes","floor":1.0,"turns":5.0},{"damage":3.0,"enemies":"Cultist","floor":3.0,"turns":6.0},{"damage":2.0,"enemies":"2 Louse","floor":4.0,"turns":4.0},{"damage":9.0,"enemies":"Exordium Wildlife","floor":5.0,"turns":6.0},{"damage":24.0,"enemies":"Gremlin Nob","floor":7.0,"turns":5.0},{"damage":5.0,"enemies":"Lagavulin","floor":10.0,"turns":6.0},{"damage":12.0,"enemies":"Gremlin Nob","floor":13.0,"turns":4.0},{"damage":0.0,"enemies":"The Guardian","floor":16.0,"turns":9.0},{"damage":6.0,"enemies":"Shell Parasite","floor":18.0,"turns":4.0},{"damage":31.0,"enemies":"Masked Bandits","floor":20.0,"turns":4.0},{"damage":1.0,"enemies":"Spheric Guardian","floor":21.0,"turns":3.0},{"damage":11.0,"enemies":"Slavers","floor":23.0,"turns":2.0},{"damage":0.0,"enemies":"Centurion and Healer","floor":27.0,"turns":5.0},{"damage":0.0,"enemies":"Gremlin Leader","floor":28.0,"turns":6.0},{"damage":8.0,"enemies":"Slavers","floor":30.0,"turns":4.0},{"damage":3.0,"enemies":"Collector","floor":33.0,"turns":10.0},{"damage":9.0,"enemies":"3 Darklings","floor":35.0,"turns":5.0},{"damage":0.0,"enemies":"3 Shapes","floor":36.0,"turns":5.0},{"damage":4.0,"enemies":"Spire Growth","floor":38.0,"turns":6.0},{"damage":1.0,"enemies":"3 Darklings","floor":39.0,"turns":2.0},{"damage":17.0,"enemies":"Giant Head","floor":40.0,"turns":10.0},{"damage":2.0,"enemies":"Mind Bloom Boss Battle","floor":41.0,"turns":5.0},{"damage":0.0,"enemies":"Nemesis","floor":42.0,"turns":5.0},{"damage":1,"enemies":"Reptomancer","floor":46,"turns":5},{"damage":15,"enemies":"Jaw Worm Horde","floor":47,"turns":4},{"damage":9,"enemies":"Transient","floor":48,"turns":5},{"damage":8,"enemies":"Time Eater","floor":50,"turns":12}],"seed_played":"-8744935780622271434","potions_obtained":[{"floor":1.0,"key":"Dexterity Potion"},{"floor":4.0,"key":"Energy Potion"},{"floor":10.0,"key":"Block Potion"},{"floor":20.0,"key":"SmokeBomb"},{"floor":21.0,"key":"DuplicationPotion"},{"floor":23.0,"key":"EssenceOfSteel"},{"floor":28.0,"key":"Ancient Potion"},{"floor":33.0,"key":"Regen Potion"},{"floor":36.0,"key":"DistilledChaos"},{"floor":40.0,"key":"Explosive Potion"}],"is_trial":false,"path_per_floor":["M","?","M","M","M","R","E","?","T","E","$","R","E","T","R","B",null,"M","$","?","M","T","E","R","$","T","M","E","R","E","?","R","B",null,"M","M","?","M","M","E","?","E","T","R","$","E","M","M","R","B",null],"character_chosen":"THE_SILENT","basemod:card_modifiers":[null,null,null,null,null,null,null,null,null,null,null,null,null,null,null,null,null,null,null,null,null,null,null,null,null,null,null,null,null,null,null],"items_purchased":["Happy Flower","Well Laid Plans","Membership Card","Calculated Gamble","HornCleat","Leg Sweep","Caltrops"],"campfire_rested":1,"item_purchase_floors":[11,11,19,25,45,45,45],"current_hp_per_floor":[54,54,51,49,40,40,16,16,16,13,13,22,12,12,40,42,60,56,56,27,28,28,19,31,31,31,33,35,47,41,29,41,40,60,65,66,66,62,63,48,48,54,54,66,66,66,51,50,66,60],"gold":277,"neow_bonus":"HUNDRED_GOLD","is_prod":false,"is_daily":false,"chose_seed":false,"campfire_upgraded":7,"win_rate":0,"timestamp":1686538168,"path_taken":["M","?","M","M","?","R","E","?","T","E","$","R","E","?","R","BOSS","M","$","?","M","?","E","R","$","T","M","E","R","E","?","R","BOSS","M","M","?","M","M","E","?","E","T","R","$","E","M","M","R","BOSS"],"build_version":"2022-12-18","purchased_purges":4,"victory":true,"max_hp_per_floor":[66,66,66,66,66,66,66,66,66,66,66,66,66,66,66,66,66,66,66,66,66,66,66,66,66,66,66,66,66,66,66,66,66,66,66,66,66,66,66,66,66,66,66,66,66,66,66,66,66,66],"relic_stats":{"Ice Cream":[52],"Happy Flower":[38],"counters":[27,147],"CeramicFish":63,"Blue Candle":[4],"Eternal Feather":82,"PreservedInsect":369,"Pen Nib":[19],"Juzu Bracelet":1,"Bag of Preparation":[12],"Cursed Key":1,"Ancient Tea Set":[2],"Blood Vial":35,"Dream Catcher":1,"Bird Faced Urn":[13],"Membership Card":407,"Kunai":[49],"obtain_stats":[{"Ice Cream":34,"Happy Flower":11,"CeramicFish":34,"Blue Candle":34,"Vajra":43,"Eternal Feather":7,"Thread and Needle":28,"PreservedInsect":14,"Pen Nib":30,"Juzu Bracelet":10,"Bag of Preparation":40,"Cursed Key":17,"Ancient Tea Set":46,"Blood Vial":9,"Calling Bell":34,"Dream Catcher":13,"HornCleat":45,"Bird Faced Urn":41,"Red Mask":20,"Membership Card":19,"Kunai":23,"StrikeDummy":42,"Ring of the Snake":0},{"Ice Cream":16,"Happy Flower":6,"CeramicFish":16,"Blue Candle":16,"Vajra":23,"Eternal Feather":5,"Thread and Needle":14,"PreservedInsect":7,"Pen Nib":15,"Juzu Bracelet":6,"Bag of Preparation":21,"Cursed Key":8,"Ancient Tea Set":24,"Blood Vial":5,"Calling Bell":16,"Dream Catcher":7,"HornCleat":23,"Bird Faced Urn":22,"Red Mask":10,"Membership Card":9,"Kunai":12,"StrikeDummy":23,"Ring of the Snake":0},{"Ice Cream":83,"Happy Flower":32,"CeramicFish":83,"Blue Candle":83,"Vajra":121,"Eternal Feather":26,"Thread and Needle":69,"PreservedInsect":36,"Pen Nib":73,"Juzu Bracelet":32,"Bag of Preparation":111,"Cursed Key":45,"Ancient Tea Set":126,"Blood Vial":26,"Calling Bell":83,"Dream Catcher":36,"HornCleat":121,"Bird Faced Urn":116,"Red Mask":53,"Membership Card":49,"Kunai":58,"StrikeDummy":121,"Ring of the Snake":0}],"Ring of the Snake":[54]},"card_choices":[{"not_picked":["Catalyst","Dodge and Roll"],"picked":"Deflect","floor":1.0},{"not_picked":["Dodge and Roll","Tactician"],"picked":"Noxious Fumes","floor":3.0},{"not_picked":["Slice","Backflip"],"picked":"Dagger Throw","floor":4.0},{"not_picked":["Cloak And Dagger","Deflect"],"picked":"Blade Dance","floor":5.0},{"not_picked":["Heel Hook","PiercingWail"],"picked":"Bouncing Flask","floor":7.0},{"not_picked":["Bane","Eviscerate"],"picked":"PiercingWail","floor":10.0},{"not_picked":["Crippling Poison","Quick Slash"],"picked":"Glass Knife","floor":13.0},{"not_picked":["Deflect","Quick Slash"],"picked":"Poisoned Stab","floor":15.0},{"not_picked":["Bullet Time","Storm of Steel"],"picked":"Die Die Die","floor":16.0},{"not_picked":["Dagger Spray","Deflect","Underhanded Strike"],"picked":"SKIP","floor":18.0},{"not_picked":["Cloak And Dagger","Bouncing Flask"],"picked":"Sucker Punch+1","floor":20.0},{"not_picked":["Leg Sweep","Skewer"],"picked":"Backflip","floor":21.0},{"not_picked":["Flying Knee","Noxious Fumes","Tactician"],"picked":"SKIP","floor":23.0},{"not_picked":["Bane+1","Night Terror"],"picked":"Blur+1","floor":27.0},{"not_picked":["Caltrops","Flying Knee","Expertise+1"],"picked":"SKIP","floor":28.0},{"not_picked":["Flying Knee","Bouncing Flask+1"],"picked":"Acrobatics","floor":30.0},{"not_picked":["Night Terror","Die Die Die"],"picked":"Venomology","floor":33.0},{"not_picked":["Eviscerate+1","Tactician","Dagger Throw+1"],"picked":"SKIP","floor":35.0},{"not_picked":["Deflect","Crippling Poison","Deadly Poison+1"],"picked":"SKIP","floor":36.0},{"not_picked":["Riddle With Holes","Terror","Dagger Spray"],"picked":"SKIP","floor":38.0},{"not_picked":["Riddle With Holes","Terror","Dagger Spray"],"picked":"SKIP","floor":38.0},{"not_picked":["Flying Knee","Outmaneuver"],"picked":"Backstab+1","floor":40.0},{"not_picked":["Deadly Poison","Heel Hook"],"picked":"Burst","floor":41.0},{"not_picked":["Bane+1","Crippling Poison","Terror"],"picked":"SKIP","floor":42.0},{"not_picked":["Endless Agony","Noxious Fumes","Slice"],"picked":"SKIP","floor":46},{"not_picked":["Underhanded Strike","Slice"],"picked":"Backflip","floor":47},{"not_picked":["Night Terror","Masterful Stab+1"],"picked":"PiercingWail+1","floor":48}],"player_experience":5641476,"relics_obtained":[{"floor":7.0,"key":"Eternal Feather"},{"floor":9.0,"key":"Blood Vial"},{"floor":10.0,"key":"Juzu Bracelet"},{"floor":13.0,"key":"Dream Catcher"},{"floor":14.0,"key":"PreservedInsect"},{"floor":20.0,"key":"Red Mask"},{"floor":23.0,"key":"Kunai"},{"floor":28.0,"key":"Thread and Needle"},{"floor":30.0,"key":"Pen Nib"},{"floor":34.0,"key":"CeramicFish"},{"floor":34.0,"key":"Blue Candle"},{"floor":34.0,"key":"Ice Cream"},{"floor":40.0,"key":"Bag of Preparation"},{"floor":41.0,"key":"Bird Faced Urn"},{"floor":42.0,"key":"StrikeDummy"},{"floor":43,"key":"Vajra"},{"floor":46,"key":"Ancient Tea Set"}],"event_choices":[{"cards_removed":["Strike_G"],"damage_healed":0.0,"max_hp_gain":0.0,"max_hp_loss":0.0,"gold_gain":0.0,"event_name":"Bonfire Elementals","player_choice":"Offered Basic","floor":2.0,"gold_loss":0.0,"damage_taken":0.0},{"damage_healed":0.0,"max_hp_gain":0.0,"max_hp_loss":0.0,"gold_gain":0.0,"event_name":"Living Wall","player_choice":"Grow","floor":8.0,"gold_loss":0.0,"damage_taken":0.0,"cards_upgraded":["Bouncing Flask"]},{"damage_healed":0.0,"max_hp_gain":0.0,"max_hp_loss":0.0,"gold_gain":0.0,"event_name":"Masked Bandits","player_choice":"Fought Bandits","floor":20.0,"gold_loss":0.0,"damage_taken":0.0},{"damage_healed":0.0,"max_hp_gain":0.0,"max_hp_loss":0.0,"gold_gain":90.0,"event_name":"Knowing Skull","player_choice":"GOLD ","floor":31.0,"potions_obtained":[],"gold_loss":0.0,"damage_taken":12.0,"cards_obtained":[]},{"cards_removed":["Strike_G"],"damage_healed":0.0,"max_hp_gain":0.0,"max_hp_loss":0.0,"gold_gain":0.0,"event_name":"Falling","player_choice":"Removed Attack","floor":37.0,"gold_loss":0.0,"damage_taken":0.0},{"damage_healed":0.0,"max_hp_gain":0.0,"max_hp_loss":0.0,"gold_gain":0.0,"event_name":"MindBloom","player_choice":"Fight","floor":41.0,"gold_loss":0.0,"damage_taken":0.0}],"is_beta":false,"boss_relics":[{"not_picked":["Busted Crown","Snecko Eye"],"picked":"Cursed Key"},{"not_picked":["Velvet Choker","Tiny House"],"picked":"Calling Bell"}],"items_purged_floors":[11,19,25,45],"is_endless":false,"potions_floor_spawned":[1,4,10,20,21,23,28,33,36,39,40,42,46],"ascension_level":15}