{"gold_per_floor":[109,122,47,47,47,88,88,132,158,193,69,69,69,92,92,182,182,202,202,16,32,53,87,87,108,181,93,132,156,200,216,216,315,315,335,96,112,125,146,187,207,238,238,261,279,279,319,337,337,337],"floor_reached":51,"playtime":3040,"items_purged":["Strike_G","Strike_G","Normality","Strike_G+1"],"score":1502,"play_id":"733cc56d-4f5b-4e66-8ee8-dd2e3fedbb38","local_time":"20230610100722","is_ascension_mode":true,"campfire_choices":[{"data":"Bouncing Flask","floor":7.0,"key":"SMITH"},{"floor":13,"key":"REST"},{"data":"Deadly Poison","floor":15,"key":"SMITH"},{"data":"Well Laid Plans","floor":24,"key":"SMITH"},{"floor":32,"key":"REST"},{"data":"Burst","floor":46,"key":"SMITH"},{"floor":49,"key":"REST"}],"neow_cost":"NONE","seed_source_timestamp":57636710845300,"circlet_count":0,"master_deck":["AscendersBane","Strike_G+1","Defend_G+1","Defend_G+1","Defend_G+1","Defend_G+1","Defend_G+1","Survivor+1","Neutralize","Quick Slash","Bouncing Flask+1","Acrobatics","Catalyst","Burst+1","Poisoned Stab","Deadly Poison+1","Adrenaline","Blade Dance","Well Laid Plans+1","PiercingWail","Noxious Fumes+1","Outmaneuver+1","PiercingWail","Malaise","Deflect+1","Tactician","Venomology","Reflex+1","Footwork","Dodge and Roll","Leg Sweep","Footwork"],"special_seed":0,"relics":["Ring of the Snake","NeowsBlessing","Golden Idol","Bag of Preparation","Turnip","Oddly Smooth Stone","War Paint","Cursed Key","Membership Card","Gremlin Horn","HornCleat","Torii","Pocketwatch","Black Star","Dream Catcher","Medical Kit","Lantern","Blood Vial","Meat on the Bone","Unceasing Top","CeramicFish","Calipers"],"potions_floor_usage":[10,18,22,28,30,31,38,39,40,41,42,42,45,47,47,50,50,50],"damage_taken":[{"damage":0.0,"enemies":"Jaw Worm","floor":1.0,"turns":1.0},{"damage":0.0,"enemies":"Small Slimes","floor":2.0,"turns":1.0},{"damage":0.0,"enemies":"Gremlin Nob","floor":6.0,"turns":1.0},{"damage":32.0,"enemies":"3 Sentries","floor":8.0,"turns":10.0},{"damage":15,"enemies":"Gremlin Nob","floor":10,"turns":4},{"damage":0,"enemies":"2 Louse","floor":14,"turns":3},{"damage":12,"enemies":"Hexaghost","floor":16,"turns":6},{"damage":0,"enemies":"Chosen","floor":18,"turns":3},{"damage":4,"enemies":"2 Thieves","floor":21,"turns":4},{"damage":1,"enemies":"3 Cultists","floor":22,"turns":6},{"damage":0,"enemies":"Gremlin Leader","floor":23,"turns":6},{"damage":2,"enemies":"Shelled Parasite and Fungi","floor":25,"turns":5},{"damage":11,"enemies":"Slavers","floor":28,"turns":6},{"damage":0,"enemies":"Snake Plant","floor":29,"turns":3},{"damage":9,"enemies":"Gremlin Leader","floor":30,"turns":5},{"damage":11,"enemies":"Centurion and Healer","floor":31,"turns":4},{"damage":1,"enemies":"Collector","floor":33,"turns":6},{"damage":0,"enemies":"3 Shapes","floor":35,"turns":4},{"damage":0,"enemies":"Orb Walker","floor":37,"turns":3},{"damage":0,"enemies":"3 Darklings","floor":38,"turns":5},{"damage":0,"enemies":"Jaw Worm Horde","floor":39,"turns":4},{"damage":1,"enemies":"Nemesis","floor":40,"turns":7},{"damage":23,"enemies":"Writhing Mass","floor":41,"turns":5},{"damage":2,"enemies":"Giant Head","floor":42,"turns":8},{"damage":0,"enemies":"4 Shapes","floor":44,"turns":8},{"damage":1,"enemies":"Spire Growth","floor":45,"turns":6},{"damage":20,"enemies":"Reptomancer","floor":47,"turns":9},{"damage":15,"enemies":"Jaw Worm Horde","floor":48,"turns":6},{"damage":13,"enemies":"Donu and Deca","floor":50,"turns":12}],"seed_played":"4990615760311570053","potions_obtained":[{"floor":2.0,"key":"Weak Potion"},{"floor":10,"key":"Fruit Juice"},{"floor":16,"key":"DuplicationPotion"},{"floor":18,"key":"Dexterity Potion"},{"floor":28,"key":"SteroidPotion"},{"floor":30,"key":"EssenceOfSteel"},{"floor":31,"key":"DistilledChaos"},{"floor":41,"key":"EssenceOfSteel"}],"is_trial":false,"path_per_floor":["M","M","$","?","?","E","R","E","T","E","$","?","R","M","R","B",null,"M","?","$","M","M","E","R","M","T","$","E","M","E","M","R","B",null,"M","$","M","M","M","E","M","E","T","M","M","R","E","M","R","B",null],"character_chosen":"THE_SILENT","basemod:card_modifiers":[null,null,null,null,null,null,null,null,null,null,null,null,null,null,null,null,null,null,null,null,null,null,null,null,null,null,null,null,null,null,null,null],"items_purchased":["Poisoned Stab","Membership Card","Well Laid Plans","Block Potion","Tactician","Dream Catcher","Medical Kit"],"campfire_rested":3,"item_purchase_floors":[11,20,20,27,36,36,36],"current_hp_per_floor":[59,59,59,59,59,59,59,27,27,12,12,12,30,30,30,18,50,55,55,55,51,50,50,50,48,48,48,37,37,28,17,36,35,58,58,58,58,58,58,57,36,36,36,38,39,39,33,32,51,40],"gold":337,"neow_bonus":"THREE_ENEMY_KILL","is_prod":false,"is_daily":false,"chose_seed":false,"campfire_upgraded":4,"win_rate":0,"timestamp":1686416842,"path_taken":["M","M","$","?","?","E","R","E","T","E","?","?","R","?","R","BOSS","M","?","$","M","M","E","R","M","T","$","E","M","E","M","R","BOSS","M","$","M","M","M","E","M","E","T","M","M","R","E","M","R","BOSS"],"build_version":"2022-12-18","purchased_purges":4,"victory":true,"max_hp_per_floor":[66,66,66,60,60,60,60,60,60,60,60,60,60,60,60,60,60,65,65,65,65,65,65,65,65,65,65,65,65,65,65,65,65,65,65,65,65,65,65,65,65,65,65,65,65,65,65,65,65,65],"relic_stats":{"Calipers":[3],"Gremlin Horn":[21,21],"Torii":25,"counters":[29,151],"Golden Idol":185,"CeramicFish":9,"Bag of Preparation":[52],"War Paint":["Survivor","Defend_G"],"Cursed Key":1,"Medical Kit":[7],"Blood Vial":14,"Dream Catcher":1,"Turnip":[7],"Black Star":3,"Membership Card":361,"obtain_stats":[{"Lantern":40,"Calipers":47,"NeowsBlessing":0,"Gremlin Horn":23,"Torii":28,"Golden Idol":4,"CeramicFish":47,"Oddly Smooth Stone":9,"Bag of Preparation":6,"War Paint":10,"Cursed Key":17,"Medical Kit":36,"Blood Vial":40,"Dream Catcher":36,"HornCleat":26,"Turnip":8,"Black Star":34,"Membership Card":20,"Unceasing Top":42,"Ring of the Snake":0,"Pocketwatch":30,"Meat on the Bone":42},{"Lantern":22,"Calipers":27,"NeowsBlessing":0,"Gremlin Horn":11,"Torii":13,"Golden Idol":2,"CeramicFish":27,"Oddly Smooth Stone":4,"Bag of Preparation":3,"War Paint":5,"Cursed Key":7,"Medical Kit":18,"Blood Vial":22,"Dream Catcher":18,"HornCleat":12,"Turnip":4,"Black Star":17,"Membership Card":8,"Unceasing Top":24,"Ring of the Snake":0,"Pocketwatch":15,"Meat on the Bone":24},{"Lantern":97,"Calipers":133,"NeowsBlessing":0,"Gremlin Horn":45,"Torii":56,"Golden Idol":2,"CeramicFish":133,"Oddly Smooth Stone":13,"Bag of Preparation":3,"War Paint":17,"Cursed Key":26,"Medical Kit":78,"Blood Vial":97,"Dream Catcher":78,"HornCleat":50,"Turnip":13,"Black Star":74,"Membership Card":29,"Unceasing Top":110,"Ring of the Snake":0,"Pocketwatch":64,"Meat on the Bone":110}],"Unceasing Top":[0],"Ring of the Snake":[58],"Pocketwatch":[87],"Meat on the Bone":24},"card_choices":[{"not_picked":["Bane","Choke"],"picked":"Quick Slash","floor":1.0},{"not_picked":["Bane","Acrobatics"],"picked":"Bouncing Flask","floor":2.0},{"not_picked":["Expertise","Dodge and Roll"],"picked":"Acrobatics","floor":6.0},{"not_picked":["Underhanded Strike","Acrobatics"],"picked":"Catalyst","floor":8.0},{"not_picked":["Tactician","Predator"],"picked":"Burst","floor":10},{"not_picked":["Poisoned Stab","Sucker Punch"],"picked":"Deadly Poison","floor":14},{"not_picked":["Grand Finale","Envenom"],"picked":"Adrenaline","floor":16},{"not_picked":["Eviscerate","Outmaneuver"],"picked":"Blade Dance","floor":18},{"not_picked":["Setup","Infinite Blades+1","Sucker Punch"],"picked":"SKIP","floor":21},{"not_picked":["Prepared","Slice","Poisoned Stab"],"picked":"SKIP","floor":22},{"not_picked":["Outmaneuver","Eviscerate"],"picked":"PiercingWail","floor":23},{"not_picked":["Terror","Masterful Stab","Slice"],"picked":"SKIP","floor":25},{"not_picked":["Venomology","Backflip"],"picked":"Noxious Fumes+1","floor":28},{"not_picked":["Cloak And Dagger+1","Choke"],"picked":"Outmaneuver+1","floor":29},{"not_picked":["Eviscerate","Acrobatics","Choke"],"picked":"SKIP","floor":30},{"not_picked":["Burst","Backstab"],"picked":"PiercingWail","floor":31},{"not_picked":["Phantasmal Killer","Night Terror"],"picked":"Malaise","floor":33},{"not_picked":["Backstab","Flying Knee+1"],"picked":"Deflect+1","floor":35},{"not_picked":["Blade Dance+1","Deadly Poison"],"picked":"Venomology","floor":37},{"not_picked":["Tactician","Flying Knee"],"picked":"Reflex+1","floor":38},{"not_picked":["Masterful Stab","All Out Attack"],"picked":"Footwork","floor":39},{"not_picked":["Blade Dance","Terror+1","Concentrate"],"picked":"SKIP","floor":40},{"not_picked":["Dagger Spray","Quick Slash+1","Deadly Poison"],"picked":"SKIP","floor":41},{"not_picked":["Endless Agony","Poisoned Stab"],"picked":"Dodge and Roll","floor":42},{"not_picked":["Prepared","Riddle With Holes"],"picked":"Leg Sweep","floor":44},{"not_picked":["Cloak And Dagger","Choke","Slice"],"picked":"SKIP","floor":45},{"not_picked":["Flechettes","Underhanded Strike"],"picked":"Footwork","floor":47},{"not_picked":["Outmaneuver","Accuracy","Cloak And Dagger"],"picked":"SKIP","floor":48}],"player_experience":5633536,"relics_obtained":[{"floor":6.0,"key":"Bag of Preparation"},{"floor":8.0,"key":"Turnip"},{"floor":9.0,"key":"Oddly Smooth Stone"},{"floor":10,"key":"War Paint"},{"floor":23,"key":"Gremlin Horn"},{"floor":26,"key":"HornCleat"},{"floor":28,"key":"Torii"},{"floor":30,"key":"Pocketwatch"},{"floor":40,"key":"Lantern"},{"floor":40,"key":"Blood Vial"},{"floor":42,"key":"Meat on the Bone"},{"floor":42,"key":"Unceasing Top"},{"floor":47,"key":"CeramicFish"},{"floor":47,"key":"Calipers"}],"event_choices":[{"damage_healed":0.0,"max_hp_gain":0.0,"max_hp_loss":6.0,"gold_gain":0.0,"event_name":"Golden Idol","player_choice":"Lose Max HP","floor":4.0,"gold_loss":0.0,"damage_taken":0.0,"relics_obtained":["Golden Idol"]},{"damage_healed":0.0,"max_hp_gain":0.0,"max_hp_loss":0.0,"gold_gain":0.0,"event_name":"The Cleric","player_choice":"Leave","floor":5.0,"gold_loss":0.0,"damage_taken":0.0},{"cards_removed":["Strike_G"],"damage_healed":0,"gold_gain":0,"player_choice":"Card Removal","damage_taken":0,"max_hp_gain":0,"max_hp_loss":0,"event_name":"Wheel of Change","floor":12,"gold_loss":0},{"damage_healed":0,"gold_gain":0,"player_choice":"Simplicity","damage_taken":0,"max_hp_gain":0,"max_hp_loss":0,"event_name":"Back to Basics","floor":19,"gold_loss":0,"cards_upgraded":["Strike_G","Strike_G","Defend_G","Defend_G","Defend_G","Defend_G"]}],"is_beta":false,"boss_relics":[{"not_picked":["Philosopher\u0027s Stone","Empty Cage"],"picked":"Cursed Key"},{"not_picked":["Velvet Choker","Fusion Hammer"],"picked":"Black Star"}],"items_purged_floors":[3,11,27,36],"is_endless":false,"potions_floor_spawned":[2,10,16,18,21,28,30,31,33,35,40,41],"ascension_level":15}