{"gold_per_floor":[114,264,282,282,98,124,124,142,212,239,254,285,285,300,300,377,377,389,405,1,17,31,66,66,116,116,16,45,45,72,82,82,155,155,172,189,189,189,14,14,43,57,83,83,118,27,27,53,53,53],"floor_reached":51,"playtime":2183,"items_purged":["Doubt","Strike_G","Strike_G","Strike_G","Strike_G"],"score":1757,"play_id":"b23e46f4-e1d6-46b7-ba77-e5bd7e2e124b","local_time":"20230619092138","is_ascension_mode":true,"campfire_choices":[{"data":"Terror","floor":7,"key":"SMITH"},{"floor":13,"key":"REST"},{"data":"Noxious Fumes","floor":15,"key":"SMITH"},{"floor":24,"key":"REST"},{"data":"Well Laid Plans","floor":29,"key":"SMITH"},{"floor":32,"key":"REST"},{"floor":40,"key":"REST"},{"floor":44,"key":"RECALL"},{"floor":49,"key":"REST"}],"neow_cost":"NONE","seed_source_timestamp":85760643920000,"circlet_count":0,"master_deck":["AscendersBane","Strike_G","Defend_G","Defend_G","Defend_G+1","Defend_G","Defend_G","Survivor","Quick Slash","Slice","Noxious Fumes+1","Eviscerate","Terror+1","Dagger Spray","Poisoned Stab","Adrenaline","Dodge and Roll","Adrenaline","Backflip","Well Laid Plans+1","Blade Dance+1","Bullet Time+1","Master of Strategy","Blade Dance","Sucker Punch+1"],"relics":["Ring of the Snake","NeowsBlessing","Boot","The Courier","Potion Belt","Juzu Bracelet","Sozu","Mummified Hand","Vajra","Mercury Hourglass","Dead Branch","Smiling Mask","Bird Faced Urn","Fusion Hammer","War Paint","Lantern","PreservedInsect","Oddly Smooth Stone","Meat on the Bone"],"potions_floor_usage":[10,16,23,50,50],"damage_taken":[{"damage":0,"enemies":"2 Louse","floor":1,"turns":1},{"damage":0,"enemies":"Small Slimes","floor":3,"turns":1},{"damage":0,"enemies":"Lagavulin","floor":6,"turns":1},{"damage":1,"enemies":"Cultist","floor":8,"turns":3},{"damage":13,"enemies":"3 Sentries","floor":10,"turns":6},{"damage":7,"enemies":"Exordium Thugs","floor":11,"turns":3},{"damage":30,"enemies":"Lagavulin","floor":12,"turns":7},{"damage":0,"enemies":"Red Slaver","floor":14,"turns":3},{"damage":14,"enemies":"Hexaghost","floor":16,"turns":10},{"damage":12,"enemies":"Shell Parasite","floor":18,"turns":6},{"damage":10,"enemies":"2 Thieves","floor":19,"turns":4},{"damage":2,"enemies":"Snecko","floor":21,"turns":4},{"damage":11,"enemies":"Cultist and Chosen","floor":22,"turns":5},{"damage":8,"enemies":"Gremlin Leader","floor":23,"turns":6},{"damage":0,"enemies":"Book of Stabbing","floor":28,"turns":4},{"damage":6,"enemies":"Gremlin Leader","floor":30,"turns":3},{"damage":0,"enemies":"Chosen and Byrds","floor":31,"turns":3},{"damage":0,"enemies":"Collector","floor":33,"turns":5},{"damage":0,"enemies":"3 Darklings","floor":35,"turns":2},{"damage":2,"enemies":"3 Shapes","floor":36,"turns":3},{"damage":15,"enemies":"Reptomancer","floor":41,"turns":4},{"damage":0,"enemies":"Sphere and 2 Shapes","floor":42,"turns":2},{"damage":16,"enemies":"Nemesis","floor":45,"turns":3},{"damage":0,"enemies":"Reptomancer","floor":48,"turns":1},{"damage":0,"enemies":"Awakened One","floor":50,"turns":6}],"seed_played":"-8016833600597691386","potions_obtained":[{"floor":6,"key":"Dexterity Potion"},{"floor":8,"key":"Dexterity Potion"},{"floor":10,"key":"BlessingOfTheForge"},{"floor":11,"key":"Dexterity Potion"},{"floor":14,"key":"AttackPotion"}],"is_trial":false,"path_per_floor":["M","?","M","?","$","E","R","M","T","E","M","E","R","M","R","B",null,"M","M","$","M","M","E","R","?","T","$","E","R","E","M","R","B",null,"M","M","?","?","$","R","E","M","T","R","E","$","?","E","R","B",null],"character_chosen":"THE_SILENT","basemod:card_modifiers":[null,null,null,null,null,null,null,null,null,null,null,null,null,null,null,null,null,null,null,null,null,null,null,null,null],"items_purchased":["Noxious Fumes","Eviscerate","Mummified Hand","Vajra","War Paint","Blade Dance"],"campfire_rested":5,"item_purchase_floors":[5,5,20,20,39,46],"current_hp_per_floor":[59,59,59,59,59,59,59,58,58,45,38,8,27,27,27,13,53,41,31,31,29,18,10,29,29,29,29,29,29,23,27,46,52,63,66,65,55,55,55,66,57,65,65,65,54,54,54,62,66,66],"gold":53,"neow_bonus":"THREE_ENEMY_KILL","is_prod":false,"is_daily":false,"chose_seed":false,"campfire_upgraded":3,"win_rate":0,"timestamp":1687191698,"path_taken":["M","?","M","?","$","E","R","M","T","E","?","E","R","M","R","BOSS","M","M","$","M","M","E","R","?","T","$","E","R","E","M","R","BOSS","M","M","?","?","$","R","E","M","T","R","E","$","?","E","R","BOSS"],"build_version":"2022-12-18","purchased_purges":5,"victory":true,"max_hp_per_floor":[66,66,66,66,66,66,66,66,66,66,66,66,66,66,66,66,66,66,66,66,66,66,66,66,66,66,66,66,66,66,66,66,66,66,66,66,66,66,66,66,66,66,66,66,66,66,66,66,66,66],"relic_stats":{"counters":[25,96],"Dead Branch":[171],"The Courier":233,"PreservedInsect":111,"Juzu Bracelet":1,"War Paint":["Bullet Time","Defend_G"],"Boot":[75],"Smiling Mask":160,"Mercury Hourglass":[175],"Sozu":7,"Mummified Hand":[55],"Bird Faced Urn":[41],"obtain_stats":[{"Potion Belt":10,"Lantern":41,"NeowsBlessing":0,"Dead Branch":26,"Vajra":20,"Oddly Smooth Stone":45,"The Courier":9,"PreservedInsect":43,"Juzu Bracelet":12,"War Paint":39,"Boot":6,"Smiling Mask":28,"Mercury Hourglass":23,"Sozu":17,"Mummified Hand":20,"Bird Faced Urn":30,"Fusion Hammer":34,"Ring of the Snake":0,"Meat on the Bone":48},{"Potion Belt":5,"Lantern":21,"NeowsBlessing":0,"Dead Branch":14,"Vajra":11,"Oddly Smooth Stone":23,"The Courier":4,"PreservedInsect":22,"Juzu Bracelet":7,"War Paint":20,"Boot":3,"Smiling Mask":15,"Mercury Hourglass":14,"Sozu":9,"Mummified Hand":11,"Bird Faced Urn":16,"Fusion Hammer":18,"Ring of the Snake":0,"Meat on the Bone":24},{"Potion Belt":12,"Lantern":84,"NeowsBlessing":0,"Dead Branch":60,"Vajra":45,"Oddly Smooth Stone":89,"The Courier":6,"PreservedInsect":86,"Juzu Bracelet":22,"War Paint":80,"Boot":3,"Smiling Mask":64,"Mercury Hourglass":60,"Sozu":35,"Mummified Hand":45,"Bird Faced Urn":67,"Fusion Hammer":75,"Ring of the Snake":0,"Meat on the Bone":90}],"Ring of the Snake":[50],"Meat on the Bone":0},"card_choices":[{"not_picked":["Sucker Punch","Outmaneuver"],"picked":"Quick Slash","floor":1},{"not_picked":["Choke","Heel Hook"],"picked":"Slice","floor":3},{"not_picked":["Masterful Stab","Malaise"],"picked":"Terror","floor":6},{"not_picked":["Reflex","Dodge and Roll"],"picked":"Dagger Spray","floor":8},{"not_picked":["Bane","Cloak And Dagger"],"picked":"Poisoned Stab","floor":10},{"not_picked":["Distraction","All Out Attack"],"picked":"Adrenaline","floor":11},{"not_picked":["Eviscerate","Cloak And Dagger"],"picked":"Dodge and Roll","floor":12},{"not_picked":["Outmaneuver","Prepared","Dagger Spray"],"picked":"SKIP","floor":14},{"not_picked":["Glass Knife","Bullet Time"],"picked":"Adrenaline","floor":16},{"not_picked":["Prepared","Quick Slash","Noxious Fumes"],"picked":"SKIP","floor":18},{"not_picked":["Cloak And Dagger","Poisoned Stab"],"picked":"Backflip","floor":19},{"not_picked":["PiercingWail","Outmaneuver+1"],"picked":"Well Laid Plans","floor":21},{"not_picked":["Infinite Blades","Dodge and Roll","Dagger Spray"],"picked":"SKIP","floor":22},{"not_picked":["Finisher","Slice"],"picked":"Blade Dance+1","floor":23},{"not_picked":["Bane","Endless Agony","Envenom"],"picked":"SKIP","floor":28},{"not_picked":["Eviscerate+1","Underhanded Strike","Outmaneuver"],"picked":"SKIP","floor":30},{"not_picked":["Flying Knee","Distraction","Backflip"],"picked":"SKIP","floor":31},{"not_picked":["Corpse Explosion","A Thousand Cuts"],"picked":"Bullet Time","floor":33},{"not_picked":["Masterful Stab+1","Deflect","Flying Knee"],"picked":"SKIP","floor":35},{"not_picked":["Cloak And Dagger","Catalyst","Riddle With Holes"],"picked":"SKIP","floor":36},{"not_picked":["Deep Breath","Mind Blast"],"picked":"Master of Strategy","floor":37},{"not_picked":["Distraction+1","Terror","Flechettes"],"picked":"SKIP","floor":41},{"not_picked":["Riddle With Holes","Noxious Fumes","Underhanded Strike"],"picked":"SKIP","floor":42},{"not_picked":["Deflect","Prepared","Outmaneuver"],"picked":"SKIP","floor":45},{"not_picked":["Poisoned Stab","Dagger Throw"],"picked":"Sucker Punch+1","floor":48}],"player_experience":5672118,"relics_obtained":[{"floor":6,"key":"Boot"},{"floor":9,"key":"The Courier"},{"floor":10,"key":"Potion Belt"},{"floor":12,"key":"Juzu Bracelet"},{"floor":23,"key":"Mercury Hourglass"},{"floor":26,"key":"Dead Branch"},{"floor":28,"key":"Smiling Mask"},{"floor":30,"key":"Bird Faced Urn"},{"floor":41,"key":"Lantern"},{"floor":43,"key":"PreservedInsect"},{"floor":45,"key":"Oddly Smooth Stone"},{"floor":48,"key":"Meat on the Bone"}],"event_choices":[{"damage_healed":0,"gold_gain":150,"player_choice":"AGREE","damage_taken":0,"max_hp_gain":0,"max_hp_loss":0,"event_name":"Liars Game","floor":2,"gold_loss":0,"cards_obtained":["Doubt"]},{"damage_healed":0,"gold_gain":0,"player_choice":"0 cards matched","damage_taken":0,"max_hp_gain":0,"max_hp_loss":0,"event_name":"Match and Keep!","floor":4,"gold_loss":0,"cards_obtained":[]},{"damage_healed":0,"gold_gain":100,"player_choice":"Bet on Murderer","damage_taken":0,"max_hp_gain":0,"max_hp_loss":0,"event_name":"The Joust","floor":25,"gold_loss":50},{"damage_healed":0,"gold_gain":0,"player_choice":"Memory 3","damage_taken":10,"max_hp_gain":0,"max_hp_loss":0,"event_name":"SensoryStone","floor":37,"gold_loss":0},{"damage_healed":0,"gold_gain":0,"player_choice":"Ignored","damage_taken":0,"max_hp_gain":0,"max_hp_loss":0,"event_name":"SecretPortal","floor":38,"gold_loss":0},{"cards_removed":["Neutralize"],"damage_healed":0,"gold_gain":0,"player_choice":"Removed Attack","damage_taken":0,"max_hp_gain":0,"max_hp_loss":0,"event_name":"Falling","floor":47,"gold_loss":0}],"is_beta":false,"boss_relics":[{"not_picked":["Ectoplasm","Velvet Choker"],"picked":"Sozu"},{"not_picked":["SacredBark","HoveringKite"],"picked":"Fusion Hammer"}],"items_purged_floors":[5,20,27,39,46],"is_endless":false,"potions_floor_spawned":[6,8,10,11,14,18,28,30,31,33,41,42],"ascension_level":15}