{"gold_per_floor":[111,111,127,137,16,45,45,75,75,110,110,126,157,173,173,247,247,261,277,277,277,300,327,343,371,416,436,455,455,487,29,29,102,102,114,114,167,186,186,220,220,245,245,261,261,37,51,71,71,71],"floor_reached":51,"playtime":2146,"items_purged":["Strike_G","Strike_G"],"score":1573,"play_id":"573c6e0f-378f-4d51-911b-38171192a624","local_time":"20230620162039","is_ascension_mode":true,"campfire_choices":[{"data":"Neutralize","floor":7,"key":"SMITH"},{"floor":11,"key":"REST"},{"data":"Noxious Fumes","floor":15,"key":"SMITH"},{"data":"Footwork","floor":32,"key":"SMITH"},{"data":"After Image","floor":45,"key":"SMITH"},{"data":"Well Laid Plans","floor":49,"key":"SMITH"}],"neow_cost":"NONE","seed_source_timestamp":197380988523400,"circlet_count":0,"master_deck":["AscendersBane","Strike_G","Defend_G","Defend_G","Defend_G","Defend_G","Defend_G","Survivor","Neutralize+1","Dagger Spray+1","All Out Attack+1","Noxious Fumes+1","Predator+1","Blade Dance","Deflect","PiercingWail","Footwork+1","After Image","Flying Knee+1","PiercingWail","Backstab+1","Finisher+1","Backflip+1","After Image+1","Dodge and Roll","Blur","Die Die Die+1","Acrobatics+1","Dodge and Roll+1","Terror","Master of Strategy","Panacea","Sucker Punch+1","Well Laid Plans+1"],"relics":["Ring of the Snake","NeowsBlessing","Molten Egg 2","StrikeDummy","Darkstone Periapt","Tough Bandages","Eternal Feather","Runic Dome","Regal Pillow","Meat on the Bone","Nunchaku","Toy Ornithopter","Orichalcum","Potion Belt","Cursed Key","Peace Pipe","Dream Catcher","Vajra"],"potions_floor_usage":[8,10,13,25,33,37,40,40,44,50,50,50,50,50],"damage_taken":[{"damage":0,"enemies":"Jaw Worm","floor":1,"turns":1},{"damage":0,"enemies":"Cultist","floor":3,"turns":1},{"damage":0,"enemies":"Small Slimes","floor":4,"turns":1},{"damage":10,"enemies":"3 Sentries","floor":6,"turns":4},{"damage":12,"enemies":"Gremlin Nob","floor":8,"turns":3},{"damage":12,"enemies":"Lagavulin","floor":10,"turns":5},{"damage":0,"enemies":"2 Fungi Beasts","floor":12,"turns":2},{"damage":0,"enemies":"Gremlin Nob","floor":13,"turns":2},{"damage":0,"enemies":"Blue Slaver","floor":14,"turns":2},{"damage":12,"enemies":"Hexaghost","floor":16,"turns":10},{"damage":0,"enemies":"3 Byrds","floor":18,"turns":5},{"damage":8,"enemies":"Shell Parasite","floor":19,"turns":5},{"damage":11,"enemies":"Slavers","floor":23,"turns":7},{"damage":25,"enemies":"Shelled Parasite and Fungi","floor":24,"turns":6},{"damage":0,"enemies":"Gremlin Leader","floor":25,"turns":6},{"damage":7,"enemies":"Snecko","floor":27,"turns":6},{"damage":7,"enemies":"Snake Plant","floor":28,"turns":5},{"damage":17,"enemies":"Book of Stabbing","floor":30,"turns":6},{"damage":17,"enemies":"Collector","floor":33,"turns":11},{"damage":0,"enemies":"3 Shapes","floor":35,"turns":5},{"damage":22,"enemies":"2 Orb Walkers","floor":37,"turns":5},{"damage":0,"enemies":"Orb Walker","floor":38,"turns":3},{"damage":0,"enemies":"Giant Head","floor":40,"turns":8},{"damage":20,"enemies":"Nemesis","floor":42,"turns":8},{"damage":0,"enemies":"3 Darklings","floor":44,"turns":4},{"damage":13,"enemies":"Jaw Worm Horde","floor":47,"turns":5},{"damage":6,"enemies":"4 Shapes","floor":48,"turns":6},{"damage":0,"enemies":"Time Eater","floor":50,"turns":12}],"seed_played":"-6307593542050074686","potions_obtained":[{"floor":3,"key":"LiquidMemories"},{"floor":8,"key":"Poison Potion"},{"floor":10,"key":"SpeedPotion"},{"floor":24,"key":"Fire Potion"},{"floor":25,"key":"PowerPotion"},{"floor":27,"key":"EntropicBrew"},{"floor":33,"key":"LiquidMemories"},{"floor":37,"key":"FearPotion"},{"floor":40,"key":"SpeedPotion"},{"floor":42,"key":"Block Potion"},{"floor":44,"key":"Swift Potion"}],"is_trial":false,"path_per_floor":["M","?","M","M","$","E","R","E","T","E","R","M","E","M","R","B",null,"M","M","?","?","T","E","M","E","T","M","M","?","E","$","R","B",null,"M","?","?","M","?","E","?","E","T","M","R","$","M","M","R","B",null],"character_chosen":"THE_SILENT","basemod:card_modifiers":[null,null,null,null,null,null,null,null,null,null,null,null,null,null,null,null,null,null,null,null,null,null,null,null,null,null,null,null,null,null,null,null,null,null],"items_purchased":["All Out Attack+1","SteroidPotion","Potion Belt","Blur","Dexterity Potion","CultistPotion","Sucker Punch+1","DuplicationPotion"],"campfire_rested":1,"item_purchase_floors":[5,5,31,31,31,31,46,46],"current_hp_per_floor":[59,59,59,59,59,49,49,37,37,25,44,44,44,44,56,44,61,61,53,53,53,53,42,29,41,41,34,39,39,34,34,49,37,59,59,59,42,42,42,52,42,34,34,39,57,57,44,38,56,66],"gold":71,"neow_bonus":"THREE_ENEMY_KILL","is_prod":false,"is_daily":false,"chose_seed":false,"campfire_upgraded":5,"win_rate":0,"timestamp":1687303239,"path_taken":["M","?","M","M","$","E","R","E","T","E","R","M","E","M","R","BOSS","M","?","?","?","?","E","M","E","T","M","M","?","E","$","R","BOSS","M","?","?","M","?","E","?","E","T","M","R","$","M","M","R","BOSS"],"build_version":"2022-12-18","purchased_purges":2,"victory":true,"max_hp_per_floor":[66,66,66,66,66,66,66,66,66,66,66,66,66,66,66,66,66,66,66,66,66,66,66,66,66,66,66,66,66,66,66,66,66,66,66,66,66,66,66,66,66,66,66,66,66,66,66,66,66,66],"relic_stats":{"Darkstone Periapt":0,"Regal Pillow":0,"counters":[28,144],"Eternal Feather":63,"Orichalcum":[0],"Cursed Key":0,"Peace Pipe":0,"Tough Bandages":[156],"Nunchaku":[20],"Dream Catcher":0,"obtain_stats":[{"Darkstone Periapt":8,"Potion Belt":31,"Regal Pillow":22,"NeowsBlessing":0,"Vajra":42,"Eternal Feather":13,"Orichalcum":30,"Cursed Key":34,"Peace Pipe":37,"Runic Dome":17,"Tough Bandages":10,"Nunchaku":25,"Dream Catcher":40,"Molten Egg 2":2,"StrikeDummy":6,"Toy Ornithopter":26,"Ring of the Snake":0,"Meat on the Bone":23},{"Darkstone Periapt":5,"Potion Belt":18,"Regal Pillow":12,"NeowsBlessing":0,"Vajra":24,"Eternal Feather":8,"Orichalcum":18,"Cursed Key":19,"Peace Pipe":21,"Runic Dome":10,"Tough Bandages":6,"Nunchaku":15,"Dream Catcher":23,"Molten Egg 2":1,"StrikeDummy":4,"Toy Ornithopter":15,"Ring of the Snake":0,"Meat on the Bone":13},{"Darkstone Periapt":10,"Potion Belt":77,"Regal Pillow":41,"NeowsBlessing":0,"Vajra":117,"Eternal Feather":19,"Orichalcum":77,"Cursed Key":88,"Peace Pipe":98,"Runic Dome":31,"Tough Bandages":15,"Nunchaku":60,"Dream Catcher":109,"Molten Egg 2":1,"StrikeDummy":7,"Toy Ornithopter":60,"Ring of the Snake":0,"Meat on the Bone":48}],"Toy Ornithopter":35,"Ring of the Snake":[56],"Meat on the Bone":60},"card_choices":[{"not_picked":["Acrobatics","PiercingWail"],"picked":"Deadly Poison","floor":1},{"not_picked":["Cloak And Dagger","Caltrops"],"picked":"Dagger Spray+1","floor":3},{"not_picked":["Terror","Backflip"],"picked":"Eviscerate+1","floor":4},{"not_picked":["Riddle With Holes+1","Night Terror"],"picked":"Noxious Fumes","floor":6},{"not_picked":["Choke+1","Caltrops"],"picked":"Predator+1","floor":8},{"not_picked":["Masterful Stab+1","Expertise"],"picked":"Blade Dance","floor":10},{"not_picked":["Heel Hook+1","Cloak And Dagger"],"picked":"Deflect","floor":12},{"not_picked":["Predator+1","Bouncing Flask"],"picked":"PiercingWail","floor":13},{"not_picked":["Quick Slash+1","Deflect"],"picked":"Footwork","floor":14},{"not_picked":["Malaise","A Thousand Cuts"],"picked":"After Image","floor":16},{"not_picked":["Heel Hook+1","Prepared"],"picked":"Flying Knee+1","floor":18},{"not_picked":["Eviscerate+1","Deadly Poison"],"picked":"PiercingWail","floor":19},{"not_picked":["Flying Knee+1","Concentrate","Infinite Blades"],"picked":"SKIP","floor":23},{"not_picked":["Tactician","Distraction+1"],"picked":"Backflip+1","floor":24},{"not_picked":["Deadly Poison","Unload+1"],"picked":"After Image","floor":25},{"not_picked":["Masterful Stab+1","Slice+1","Riddle With Holes+1"],"picked":"SKIP","floor":27},{"not_picked":["Endless Agony+1","PiercingWail","Bane+1"],"picked":"SKIP","floor":28},{"not_picked":["Reflex","All Out Attack+1"],"picked":"Dodge and Roll","floor":30},{"not_picked":["Night Terror","Storm of Steel"],"picked":"Die Die Die+1","floor":33},{"not_picked":["Tactician","Underhanded Strike+1"],"picked":"Acrobatics+1","floor":35},{"not_picked":["Expertise","Slice+1"],"picked":"Dodge and Roll+1","floor":37},{"not_picked":["Slice+1","PiercingWail"],"picked":"Terror","floor":38},{"not_picked":["Tactician","Outmaneuver+1","Catalyst"],"picked":"SKIP","floor":40},{"not_picked":["PanicButton","Madness"],"picked":"Master of Strategy","floor":41},{"not_picked":["Enlightenment","Discovery"],"picked":"Panacea","floor":41},{"not_picked":["All Out Attack+1","Endless Agony+1","Quick Slash+1"],"picked":"SKIP","floor":42},{"not_picked":["Outmaneuver","Quick Slash+1","Expertise"],"picked":"SKIP","floor":44},{"not_picked":["Flying Knee+1","Quick Slash+1"],"picked":"Well Laid Plans","floor":47},{"not_picked":["Terror","Dodge and Roll","Crippling Poison+1"],"picked":"SKIP","floor":48}],"player_experience":5685180,"relics_obtained":[{"floor":6,"key":"StrikeDummy"},{"floor":8,"key":"Darkstone Periapt"},{"floor":10,"key":"Tough Bandages"},{"floor":13,"key":"Eternal Feather"},{"floor":22,"key":"Regal Pillow"},{"floor":23,"key":"Meat on the Bone"},{"floor":25,"key":"Nunchaku"},{"floor":26,"key":"Toy Ornithopter"},{"floor":30,"key":"Orichalcum"},{"floor":37,"key":"Peace Pipe"},{"floor":40,"key":"Dream Catcher"},{"floor":42,"key":"Vajra"}],"event_choices":[{"cards_removed":["Deadly Poison"],"damage_healed":0,"gold_gain":0,"player_choice":"Gave Card","damage_taken":0,"relics_obtained":["Molten Egg 2"],"max_hp_gain":0,"max_hp_loss":0,"event_name":"WeMeetAgain","floor":2,"gold_loss":0},{"damage_healed":0,"gold_gain":0,"player_choice":"Ignored","damage_taken":0,"max_hp_gain":0,"max_hp_loss":0,"event_name":"Ghosts","floor":20,"gold_loss":0},{"damage_healed":0,"gold_gain":0,"cards_transformed":["Strike_G","Strike_G"],"player_choice":"Became Test Subject","damage_taken":0,"max_hp_gain":0,"max_hp_loss":0,"event_name":"Drug Dealer","floor":21,"gold_loss":0,"cards_obtained":["Backstab","Finisher"]},{"damage_healed":0,"gold_gain":0,"player_choice":"Ignored","damage_taken":0,"max_hp_gain":0,"max_hp_loss":0,"event_name":"Vampires","floor":29,"gold_loss":0},{"cards_removed":["Eviscerate"],"damage_healed":0,"gold_gain":0,"player_choice":"Removed Attack","damage_taken":0,"max_hp_gain":0,"max_hp_loss":0,"event_name":"Falling","floor":36,"gold_loss":0},{"damage_healed":0,"gold_gain":0,"player_choice":"Fight","damage_taken":0,"max_hp_gain":0,"max_hp_loss":0,"event_name":"Mysterious Sphere","floor":37,"gold_loss":0},{"damage_healed":0,"gold_gain":0,"player_choice":"Ignored","damage_taken":0,"max_hp_gain":0,"max_hp_loss":0,"event_name":"Tomb of Lord Red Mask","floor":39,"gold_loss":0},{"damage_healed":0,"gold_gain":0,"player_choice":"Memory 3","damage_taken":10,"max_hp_gain":0,"max_hp_loss":0,"event_name":"SensoryStone","floor":41,"gold_loss":0}],"is_beta":false,"boss_relics":[{"not_picked":["SlaversCollar","Runic Pyramid"],"picked":"Runic Dome"},{"not_picked":["Coffee Dripper","Philosopher\u0027s Stone"],"picked":"Cursed Key"}],"items_purged_floors":[31,46],"is_endless":false,"potions_floor_spawned":[3,8,10,12,24,25,27,33,37,40,42,44],"ascension_level":15}